2760 4734
1235 243 1253 304 5

128 413 165 473 Si
185 434 241 472 non
262 423 356 472 cessat
375 414 457 471 lusor
472 415 605 487 perdere,
625 433 661 470 ne
682 415 849 488 perdiderit,
873 414 1118 486 quemadmodum
1139 422 1252 487 tempe-

127 525 209 581 rabit
230 524 299 592 sihi,
321 525 370 597 qui
391 522 538 580 fortunam
559 523 703 596 sequitur,
728 534 757 580 et
777 523 891 579 assidue
914 521 1020 579 vineit?
1051 522 1115 594 Ego
1136 523 1252 595 quidem

127 633 187 690 hoc
207 633 289 689 velut
308 633 425 689 stimulo
446 633 593 702 incitatus,
616 634 671 690 etsi
692 650 841 704 nunquam
864 633 987 687 antehac
1008 631 1044 687 de
1058 630 1154 687 Plinio
1175 632 1254 688 omni

128 751 184 798 aut
198 749 278 798 tanta
293 739 379 797 Plinii
399 751 482 815 parte
502 714 681 798 recensenda
696 742 884 814 cogitassem3
906 739 961 796 etsi
981 739 1098 795 minime
1120 749 1183 796 tum
1199 759 1252 797 va-

127 869 215 921 cuus,
240 859 333 908 totum
360 852 497 908 volumen
524 851 637 922 transii,
664 849 801 924 quicquid
828 850 948 906 distaret
973 867 991 904 a
1016 848 1158 920 vulgatis,
1186 849 1254 906 data

127 977 221 1034 opera
240 969 377 1016 enotans:
399 960 553 1034 omniaque
574 960 686 1016 utiliter
707 979 723 1016 e
743 956 925 1027 Ohifletiano‚
947 976 984 1014 ex
998 956 1152 1013 Hermolai
1167 955 1253 1014 Gele-

127 1068 230 1142 niique
250 1077 279 1126 et
293 1069 426 1126 Rhenani
444 1087 479 1127 ac
498 1067 626 1125 Pintiani
647 1068 731 1126 bonis
752 1068 899 1126 codicibus
919 1071 1057 1140 excerpta
1074 1065 1181 1123 ibidem
1202 1068 1253 1123 de-

127 1176 283 1253 prehendi:
305 1186 334 1234 et
354 1179 473 1252 insuper
494 1177 576 1234 velut
589 1178 787 1247 corollarium,
809 1176 887 1234 unde
907 1175 963 1232 hoc
978 1174 1116 1232 schedion
1131 1184 1254 1232 constat.

127 1286 256 1356 Verum,
273 1288 385 1360 opinor,
400 1286 542 1362 praestiti,
559 1287 638 1359 quod
653 1286 794 1355 dicebam,
817 1305 879 1343 rem
894 1284 1050 1343 occasionis
1065 1301 1139 1341 esse.
1164 1281 1254 1341 Simi-

127 1395 169 1451 lis
185 1390 353 1470 αὐτοματία
369 1395 523 1451 editionem
538 1394 661 1452 extorsit
675 1394 753 1452 mihi.
778 1394 869 1451 Venit
886 1394 961 1450 enim
982 1400 1049 1467 post
1064 1392 1164 1466 paullo
1178 1392 1253 1449 forte

127 1502 248 1560 librario
268 1503 297 1558 in
317 1512 443 1560 mentem
463 1503 552 1559 Plinii
573 1503 747 1561 Naturalem
768 1503 929 1560 Historiam
951 1502 1112 1558 formarum
1132 1519 1253 1557 suarum

125 1611 273 1686 elegantia
287 1613 480 1685 deproperare
495 1610 582 1680 velle,
603 1629 708 1684 meque
729 1612 767 1667 ad
787 1629 873 1667 omne
889 1629 964 1684 opus
986 1611 1160 1682 exigendum
1176 1611 1253 1667 invi-

128 1720 224 1778 tabat.
247 1718 331 1790 Mihi,
353 1721 404 1794 qui
423 1720 592 1776 iamdudum
612 1720 665 1777 bos
685 1719 820 1788 clitellas,
844 1726 873 1776 et
887 1720 953 1793 plus
974 1719 1151 1792 complector
1166 1736 1254 1791 quam

127 1828 309 1898 contineam3
332 1828 383 1901 qui
397 1830 499 1885 morbo
513 1828 601 1886 insito
616 1846 673 1885 non
689 1846 809 1903 possum
824 1829 928 1885 leviter
948 1827 1078 1902 defungi,
1100 1829 1150 1884 sed
1170 1827 1254 1900 quie·

126 1937 203 2011 quid
219 1938 386 2012 suscipiam,
401 1955 458 2010 ago
473 1956 527 2011 pro
544 1938 670 2006 viribus;
686 1939 736 2010 qui

336 2049 396 2103 Per
418 2049 613 2120 quinqueanio
635 2050 691 2104 ium
713 2049 815 2117 decem,

336 2155 378 2211 Ni
392 2158 494 2230 fallor,
510 2158 643 2230 fm'ume,⁸
666 2160 801 2230 septimae
823 2159 944 2230 iusuper

336 2263 450 2321 Annum
471 2267 559 2323 cordo
581 2274 671 2330 rotam·

127 2390 199 2431 sero
224 2389 307 2448 spem
332 2371 452 2446 longam
477 2373 628 2444 inchoare,
655 2384 685 2430 et
705 2392 815 2431 novum
835 2392 870 2430 ac
896 2375 946 2431 vix
971 2392 1023 2448 per
1048 2391 1079 2430 se
1104 2374 1255 2431 tractabile
1270 2383 1317 2429 tto

128 2483 248 2557 pondus
267 2482 391 2539 adiicere
409 2457 542 2554 religioni
561 2481 627 2539 luit.
660 2481 726 2539 Etsi
745 2488 843 2540 autem
860 2483 931 2540 haee
949 2482 1088 2558 pleraque
1111 2483 1208 2541 omnia
1225 2484 1255 2540 in

128 2591 314 2663 marginibus
333 2599 385 2648 aut
405 2591 435 2647 in
456 2591 630 2649 adversariis
652 2591 804 2649 haererent
824 2591 908 2649 mihi:
936 2603 1033 2649 tamen
1053 2592 1121 2650 inde
1142 2610 1255 2650 sumere

128 2700 245 2758 animos
267 2701 306 2758 ad
327 2718 443 2757 omnem
458 2700 585 2757 Plinium
606 2701 827 2771 restituendum,
848 2701 877 2758 id
896 2721 966 2759 vero
987 2701 1079 2760 simile
1101 2702 1256 2759 videbatur

128 2810 258 2868 delicato
272 2809 316 2867 illi
328 2810 517 2880 adolescenti,
533 2809 582 2883 qui
596 2810 666 2867 dum
679 2810 708 2867 in
723 2811 807 2868 litore

285 2921 352 2978 Huc
367 2924 398 2991 it,
414 2931 440 2978 et
455 2922 519 2978 binc
535 2923 613 2988 illuc,
629 2930 654 2976 et
669 2923 699 2976 in
713 2923 903 2978 alludentibus
919 2923 1004 2977 undis

286 3029 403 3086 Summa
413 3032 530 3104 pedum,
546 3033 657 3104 taloque
673 3040 753 3086 tenua
767 3032 885 3101 vestipia
901 3031 993 3101 impet,

129 3136 275 3196 scalmum
296 3137 372 3196 forte
389 3139 508 3214 reperit,
530 3147 560 3195 et
581 3141 619 3197 ob
640 3156 703 3194 eam
723 3155 787 3193 rem
801 3155 833 3193 se
848 3138 954 3193 nave'm
969 3137 1112 3194 fabricare
1126 3138 1255 3211 postula·

130 3250 200 3304 bat:
221 3248 397 3321 praesertim
420 3267 486 3305 cum
506 3266 600 3322 neque
620 3247 689 3319 illis,
717 3265 793 3321 quae
814 3247 883 3303 olim
895 3246 1077 3321 ,impeditum
1097 3267 1144 3305 me
1165 3247 1256 3307 habe-

130 3359 220 3426 bant,
241 3356 414 3414 sufficerem.
442 3356 567 3414 Interim
587 3358 702 3429 quoties
724 3357 878 3413 audiebam
898 3357 1038 3414 maturari
1058 3377 1148 3433 opus,
1170 3360 1257 3418 tacita

129 3465 241 3522 invidia
255 3467 372 3523 onerari
387 3477 416 3524 et
429 3466 543 3543 pulsari
554 3483 601 3522 me
617 3466 788 3540 sentiebam,
802 3466 852 3539 qui
863 3467 985 3537 muneri,
998 3469 1076 3540 quod
1091 3470 1257 3526 accessione

132 3575 363 3649 haudquaquam
378 3578 541 3650 spernenda
555 3594 659 3633 ornare
675 3576 794 3632 videbar
809 3593 904 3649 posse,
920 3577 1064 3632 deessem:
1081 3585 1111 3632 et
1124 3576 1257 3648 singulae

132 3685 297 3742 mentiones
317 3691 401 3741 erant
422 3685 506 3758 quasi
527 3685 766 3760 exprobrationes
787 3685 947 3741 immemori
969 3701 1050 3740 meae
1070 3684 1099 3740 in
1122 3684 1256 3741 iuvandis

133 3794 214 3850 omni
229 3812 284 3868 ope
298 3793 390 3852 literis
404 3795 545 3870 pristinae
561 3793 788 3851 consuetudinis.
811 3794 846 3849 In
866 3793 922 3850 hoc
941 3800 1023 3848 aestu
1039 3792 1257 3850 deliberationis

133 3903 185 3959 diu
200 3921 317 3961 rursum
332 3922 469 3978 prorsum
484 3904 608 3961 iactatus
623 3903 740 3960 tandem
755 3903 795 3960 ita
809 3919 923 3959 mecum
937 3899 1075 3973 transegi,
1091 3907 1134 3968 ut,
1156 3919 1215 3973 quo
1229 3911 1258 3958 et

132 4013 253 4087 publico
268 4014 468 4071 consuleretur
489 4021 518 4070 et
537 4013 714 4070 minueretur
733 4011 803 4069 mihi
820 4012 914 4079 labor,
937 4010 1072 4082 quiequid
1094 4019 1167 4078 orat,
1189 4027 1256 4068 cur-

133 4130 198 4179 tum
219 4124 287 4181 licet
309 4116 396 4197 atque
421 4125 589 4180 inchoatum
609 4123 689 4179 exire
711 4123 850 4189 sinerem,
878 4119 1118 4192 explicationibus
1145 4126 1257 4177 tontum
