2760 4734
563 334 806 377 PROIAEGOMENA.

645 544 659 624 1
692 544 722 605 4.

362 681 411 732 ΒΕ
429 681 555 732 FORMA
574 679 716 732 OODIOIS
733 680 781 732 AO
799 679 1007 732 SCRIPTURA.

169 811 289 877 Forma
315 812 433 878 codicis
461 837 499 878 ea
527 823 591 892 est,
622 835 704 897 quae
731 812 828 900 vulgo
855 823 967 879 octava
988 812 1092 879 maior
1114 813 1244 889 dicitur3

128 922 205 987 lolia
236 921 468 1010 longitudinem
501 922 619 1023 hahent
651 944 819 988 mensurae
845 922 1094 1011 francogallicae
1122 925 1246 990 circiter

126 1033 145 1095 2
158 1032 348 1110 ddcimltrec,
361 1033 592 1111 dcentimdtreo,
604 1030 806 1122 latitudinem
817 1053 894 1097 vero
907 1033 924 1096 1
937 1032 1114 1111 ddcimltre,
1127 1035 1146 1100 5
1159 1037 1245 1100 centi-

125 1143 252 1216 mauce,-
281 1141 435 1207 differunt
464 1141 547 1206 enim
574 1141 659 1206 inter
685 1162 719 1205 se
742 1141 868 1229 singula
894 1141 970 1206 lolia
995 1142 1245 1220 Onne-Oneum

125 1251 159 1314 in
181 1250 358 1327 altitudine,
387 1252 639 1330 0,141-Ο,ι51“1
660 1249 695 1320 in
715 1250 893 1315 latitudine.
923 1248 1079 1339 Singulae
1108 1252 1244 1338 paginae

125 1360 255 1426 vicenas
277 1383 371 1426 senas
385 1361 486 1426 lineas
500 1359 627 1438 habent,
649 1360 791 1446 exceptis
807 1360 943 1439 duabus,
962 1383 1049 1444 quae
1064 1360 1106 1426 25
1123 1371 1244 1426 tantum

125 1471 276 1537 exhibent
289 1471 389 1535 lineas
406 1470 474 1536 sive
490 1493 615 1549 versus,
632 1470 698 1536 scil.
710 1494 742 1555 p.
756 1473 816 1536 178
834 1480 867 1536 et
877 1493 909 1556 p.
921 1469 984 1534 223
998 1493 1030 1533 n.
1046 1469 1109 1548 ed„
1129 1470 1244 1555 quibus

124 1579 284 1666 incipiunt
304 1580 460 1646 librorum
474 1578 564 1645 XIV
579 1590 612 1645 et
625 1578 695 1646 XV
716 1579 883 1664 epitomae,
906 1590 939 1645 et
959 1578 1033 1657 illis,
1056 1579 1179 1663 quibus
1196 1581 1244 1645 in-

125 1690 212 1755 dioes
234 1691 286 1754 vel
307 1689 382 1754 libri
402 1689 567 1768 finiuntur,
589 1712 620 1775 p.
638 1693 689 1767 78,
707 1690 867 1768 118,176,
889 1691 960 1768 177,
982 1690 1054 1768 182,
1076 1692 1152 1770 221,
1173 1693 1243 1767 222,

124 1802 186 1866 228
194 1823 226 1863 n.
236 1800 285 1864 ed.
308 1799 377 1863 Iam
389 1821 466 1865 vero
478 1822 550 1864 cum
561 1799 645 1864 inter
656 1799 731 1864 artis
742 1798 1029 1885 palaeographicae
1040 1799 1161 1883 peritos
1173 1822 1244 1866 con·

124 1918 186 1975 stet
209 1931 440 1994 saepenumero
463 1932 503 1975 ex
525 1931 564 1974 ea
585 1909 717 1988 ratione,
739 1931 804 1994 qua
824 1909 928 1974 lineae
945 1907 1118 1974 alibrariis
1133 1910 1245 1976 ductae

125 2018 206 2097 sint,
233 2018 388 2084 iudicium
408 2017 538 2085 minime
559 2018 656 2083 fallax
677 2018 745 2105 peti
772 2041 867 2104 posse
893 2017 928 2096 in
957 2018 1168 2101 disquirenda
1193 2043 1244 2085 co-

124 2128 232 2194 dicum
253 2138 364 2207 aetate,
395 2131 434 2194 de
455 2129 516 2195 hac
537 2152 572 2193 re
594 2129 773 2194 accuratius
794 2149 880 2193 nunc
896 2150 1040 2215 agamus.
1070 2127 1110 2192 In
1132 2129 1245 2214 quavis

124 2239 243 2327 pagina
270 2241 347 2304 satis
375 2241 517 2326 amplum
545 2240 685 2324 spatium
712 2238 753 2304 ab
779 2238 865 2304 omni
892 2247 983 2325 parte
1009 2261 1150 2303 vacuum
1173 2239 1245 2305 reli·

124 2361 212 2414 otum
234 2359 282 2413 est
304 2371 323 2412 a
345 2349 512 2434 scriptura.
547 2346 604 2413 Sic
631 2347 794 2433 scriptioni
820 2347 980 2433 patefacta
1007 2357 1055 2412 est
1076 2349 1250 2432 quadrata,

125 2468 162 2521 ut
181 2457 229 2521 ita
244 2457 359 2534 dicam,
383 2480 467 2536 area,
489 2456 524 2521 in
539 2455 630 2522 cuius
645 2456 777 2522 dextera
791 2458 946 2543 margine,
971 2456 1027 2523 sed
1042 2457 1077 2521 in
1091 2456 1155 2522 hac
1170 2461 1244 2536 sola,

126 2589 202 2631 acus
224 2589 286 2650 ope
308 2567 421 2632 vicena
444 2589 519 2631 sena
539 2575 659 2652 puncta
679 2568 750 2653 pari
771 2568 854 2631 inter
876 2590 910 2631 se
931 2567 1099 2631 intervallo
1121 2568 1244 2634 distan-

126 2677 170 2741 tia
196 2677 281 2742 sacta
310 2687 392 2741 sunt.
432 2675 485 2740 Ex
512 2676 563 2741 his
595 2677 724 2763 punctis
753 2677 884 2742 totidem
914 2688 1115 2742 transversae
1143 2678 1245 2744 lineae

126 2787 240 2851 ductae
263 2797 337 2851 sunt
359 2786 431 2852 stilo
452 2788 504 2852 vel
527 2787 622 2852 simili
648 2788 786 2871 quodam
807 2787 1034 2865 instrumento,
1062 2786 1109 2851 ita
1130 2801 1170 2853 ut
1192 2791 1245 2855 fis·

127 2919 283 2975 surarum,
306 2919 386 2981 quas
401 2897 512 2962 charta
525 2896 754 2975 indetraxerit,
777 2897 914 2983 vestigia
929 2897 1101 2983 supersint,
1123 2897 1192 2966 imo
1213 2911 1247 2963 ut

125 3007 198 3091 plus
228 3008 325 3071 semel
350 3007 535 3073 membrana
561 3008 647 3071 laesa
674 3007 729 3085 sit3
758 3007 874 3072 coloris
902 3018 1026 3086 autern,
1055 3029 1120 3092 quo
1142 3009 1247 3076 lineae

127 3115 323 3205 significatae
353 3117 431 3195 sint,
459 3140 500 3182 ne
527 3117 683 3181 indicium
709 3116 837 3202 quidem
865 3117 973 3194 adeat,
1001 3139 1064 3202 quo
1091 3127 1184 3204 patet
1205 3120 1247 3186 ad

126 3235 238 3290 tenues
259 3226 353 3291 modo
374 3227 506 3290 fissuras
529 3225 698 3292 scribentis
720 3225 828 3291 oculos
851 3226 1035 3291 collineatos
1049 3224 1160 3292 fuisse.
1185 3227 1247 3293 Li·

125 3357 205 3400 neae
225 3335 299 3400 illae
321 3357 340 3399 a
362 3334 492 3400 sinistra
521 3335 689 3401 scribentis
717 3357 774 3400 011
800 3335 862 3401 alia
881 3334 966 3401 linea
986 3336 1247 3423 perpendiculari
1279 3342 1285 3365 “

124 3445 333 3510 includuntur
358 3456 517 3521 extrema3
544 3445 578 3509 in
600 3446 732 3511 dextera
753 3468 810 3510 ora
831 3455 978 3510 secantur
994 3446 1079 3511 linea
1102 3469 1247 3534 perpen-

126 3554 271 3632 diculari,
294 3576 376 3638 quae
398 3579 417 3620 a
437 3555 582 3640 margine
604 3555 769 3640 paululum
792 3555 905 3621 distat:
928 3577 992 3640 quo
1013 3557 1060 3633 fit,
1083 3566 1121 3621 ut
1140 3557 1247 3625 lineae

124 3666 160 3729 in
180 3664 241 3730 hac
261 3688 318 3730 ora
338 3675 430 3730 extra
451 3665 641 3749 scripturam
663 3665 847 3751 procedant.
870 3665 1064 3732 Accuratam
1085 3666 1246 3734 linearum

51 3819 54 3827 -
125 3774 296 3861 imaginem
318 3774 370 3840 hic
390 3774 588 3853 exhibemus,
617 3796 681 3860 quo
707 3774 832 3840 facilius
856 3773 993 3842 lectores
1019 3796 1146 3842 omnem
1175 3802 1245 3845 rem

126 3884 231 3949 animo
251 3884 421 3950 informare
442 3886 576 3972 possint.
