2760 4734
573 312 817 356 ruosuoomn.
1156 313 1250 355 XXVII

129 464 213 526 nenti
233 482 363 525 manum
385 459 633 525 emendatricem
654 482 689 525 se
711 468 859 546 expertos
882 480 953 524 esse
975 459 1103 522 iactant.
1125 459 1172 523 At
1193 480 1249 523 ea·

130 570 204 635 dem
226 568 430 655 subscriptio,
454 568 564 633 eadem
586 590 711 647 manus,
734 567 821 632 idem
844 566 1005 633 scribendi
1027 567 1153 646 modus,
1182 566 1250 632 scil.

129 680 185 764 qui
207 681 240 743 in
262 678 445 764 diplomatis
467 678 571 744 locum
594 677 700 756 habet,
722 677 785 742 nisi
807 700 866 742 nos
887 678 983 763 plane
1001 676 1083 743 fallit
1097 677 1251 742 memoria

129 844 170 853 ..
198 811 273 852 nam
301 799 383 866 tum,
412 810 486 852 cum
513 786 707 865 Mediolani,
736 785 793 852 ubi
821 785 995 852 Frontonis
1022 784 1250 872 palimpsestus

128 908 326 976 asservatur,
360 919 503 975 cramus,
536 895 588 962 hic
615 896 783 963 Plinianus
809 917 830 960 a
855 894 950 960 nobis
984 895 1126 960 nondum
1160 895 1250 960 dete·

128 1020 201 1074 etus
228 1020 296 1074 erat
321 1063 361 1072 ..
388 1007 547 1091 reperitur
573 1007 606 1071 in
626 1007 690 1072 fine
721 1004 878 1070 librorum
903 1004 1076 1070 Frontonis
1103 1003 1138 1068 in
1165 1004 1252 1070 hunc

128 1119 277 1184 modum:
302 1119 363 1203 lepi
385 1127 414 1181 et
435 1119 599 1181 emendavi
619 1116 641 1180 i.
664 1138 703 1193 e.‚
726 1127 762 1179 ut
782 1111 972 1179 eVaticano
994 1112 1169 1180 Frontonis
1190 1136 1250 1200 pa·

127 1228 297 1314 limpsesto
319 1235 453 1303 constat,
481 1223 637 1290 Caecilius
658 1246 752 1311 saepe
774 1235 904 1310 ropatua
935 1224 997 1309 leyi
1024 1235 1052 1288 et
1078 1228 1251 1290 emendavi.

127 1337 248 1402 Iamsi
271 1336 343 1421 quis
364 1334 503 1399 Pliniani
529 1333 729 1420 palimpsesti
755 1332 911 1419 originem
933 1343 963 1396 et
986 1334 1123 1419 patriam
1149 1356 1248 1420 repu-

129 1456 193 1525 tet,
226 1445 319 1512 facile
345 1444 378 1508 in
413 1465 483 1508 eam
510 1443 687 1510 adducatur
717 1442 916 1530 opinionem,
949 1453 987 1507 ut
1016 1453 1137 1508 statuat
1164 1442 1251 1508 Plini

126 1577 256 1641 quoquc
278 1552 420 1620 codicem
441 1551 482 1616 ab
505 1553 616 1619 eodem
643 1553 779 1624 Caecilio
809 1553 1012 1625 emendatum
1039 1574 1120 1618 esse.
1157 1552 1251 1634 Quae

127 1665 156 1731 si
170 1687 247 1730 vera
263 1674 337 1729 sunt
352 1717 392 1728 ..
407 1684 483 1726 mox
503 1675 611 1728 autem
632 1663 692 1731 hoc
715 1668 783 1733 erui
805 1666 922 1755 poterit
945 1663 985 1730 ab
1001 1685 1048 1742 eo,
1064 1662 1121 1748 qui
1133 1663 1251 1729 utrius·

128 1796 193 1859 que
215 1773 335 1839 codicis
357 1772 561 1858 comparandi
582 1773 765 1841 facultatem
791 1775 923 1842 habebit
950 1829 989 1838 -
1020 1773 1101 1838 duos
1127 1773 1192 1837 iam
1214 1794 1252 1838 ac

127 1883 275 1956 diversos
296 1881 425 1968 quidem
447 1880 533 1945 Plini
558 1880 747 1951 habebimus
769 1885 1008 1962 emendatores,
1037 1882 1251 1947 Laurentium

127 2003 162 2059 et
189 1990 368 2057 Caecilium.
404 1990 497 2072 Quae
520 1991 629 2055 eadem
656 2016 708 2060 res
729 2017 880 2081 magnam
901 1992 999 2058 habet
1020 1992 1085 2057 vim
1106 1992 1140 2056 in
1162 1991 1251 2057 codi-

128 2124 202 2168 cum
216 2100 435 2167 Plinianorum
448 2098 590 2165 historiis
608 2102 642 2165 in
656 2101 788 2169 clariore
809 2103 879 2169 luce
901 2101 1104 2169 collocandis.
1126 2099 1179 2166 Ac
1193 2123 1251 2166 no-

127 2236 206 2278 vum
234 2212 330 2277 etiam
356 2211 431 2274 inde
458 2210 585 2294 pondus
606 2212 736 2278 accedet
757 2214 798 2280 ad
825 2212 1013 2277 firmandam
1042 2220 1184 2275 nostram
1212 2211 1253 2276 de

126 2321 216 2387 Plini
238 2320 438 2407 palimpsesti
460 2329 566 2385 aetate
589 2321 790 2388 sententiam.
822 2321 907 2386 Nam
928 2321 1104 2388 Frontonis
1125 2341 1252 2405 quoque

126 2431 247 2497 librum
274 2439 409 2496 exeunte
436 2440 550 2513 quarto
579 2430 631 2496 vel
658 2432 788 2499 ineunte
814 2432 927 2517 quinto
949 2430 1076 2497 saeculo
1098 2430 1253 2515 scriptum

128 2563 202 2631 esse
224 2553 298 2625 post
318 2539 478 2606 Niebubri
499 2551 532 2605 et
553 2539 635 2606 Maii
656 2542 905 2629 disputationem
927 2563 1021 2607 nemo
1049 2551 1107 2618 est,
1134 2541 1190 2626 qui
1217 2541 1253 2605 in

127 2650 362 2717 dubitationem
383 2671 498 2714 vocare
519 2651 607 2715 velit.

173 2758 252 2839 Sed,
279 2769 316 2825 ut
337 2759 401 2823 iam
423 2782 521 2845 supra
542 2759 805 2847 significavimus,
831 2761 922 2839 haec,
954 2780 1036 2846 quae
1057 2759 1153 2825 modo
1174 2781 1250 2847 pro·

128 2869 273 2948 tulimus,
299 2877 409 2954 utpote
431 2891 513 2953 quae
535 2870 693 2955 probabili
714 2871 844 2956 quidem
865 2871 1057 2950 coniectura,
1087 2870 1145 2934 sed
1173 2889 1250 2934 con-

127 2983 252 3046 iectura
273 2989 381 3043 tamen
401 2977 555 3059 nitantur,
583 2980 747 3065 areliqua
771 2980 988 3065 disputatione
1014 2979 1157 3044 seiuncta
1182 3000 1253 3045 esse

128 3090 286 3157 volumus.
307 3088 405 3154 Nunc
425 3089 458 3153 in
480 3088 624 3154 ordinem
645 3089 823 3156 redeamus.

655 3332 733 3414 ts.

128 3452 179 3502 Du
206 3450 348 3503 CODICIS
373 3451 555 3504 IDIOMA'I'E
578 3451 659 3504 SIVE
680 3455 729 3504 DE
752 3452 964 3513 QUIBUSDAM
986 3451 1147 3506 LINGUAE
1168 3454 1251 3506 PRO·

128 3535 378 3598 PRIETATIBUS,
398 3535 493 3599 QUAS
510 3536 760 3600 ANTIQUARIUS
776 3538 816 3590 IN
834 3538 1134 3591 TRANSORIBENDO
1152 3538 1254 3589 SECU-

615 3623 683 3677 Tus
699 3623 775 3674 EST.

174 3747 259 3815 Cum
280 3774 298 3815 e
321 3752 439 3817 codicis
461 3751 611 3818 idiomate
633 3753 674 3827 de
689 3753 850 3839 antiquari
865 3755 1017 3840 patriast
1032 3756 1072 3820 de
1088 3754 1253 3840 archetypi

128 3869 234 3925 aetate
255 3860 391 3927 iudicari
413 3872 500 3926 recte
522 3862 634 3948 possit,
658 3885 773 3948 operae
795 3864 935 3950 pretium
957 3865 1072 3934 facturi
1095 3863 1189 3930 nobis
1204 3866 1253 3930 vi-

129 3969 253 4048 demur,
283 3970 309 4036 si
337 3971 377 4036 de
405 3992 444 4036 ea
470 3994 505 4035 re
533 3971 688 4058 prolixius
718 3969 923 4040 disseramus.
960 3956 1044 4039 Nam
1072 3996 1146 4039 cum
1168 3975 1253 4039 anti·

130 4079 303 4163 quissimus
325 4080 492 4167 archetypi
515 4078 644 4160 formas,
667 4105 731 4148 non
760 4085 862 4150 solum
884 4105 948 4161 eas,
977 4105 1059 4168 quae
1082 4084 1122 4150 ad
1145 4084 1253 4151 ortho-
