2760 4734
458 297 563 339 norun
578 298 622 339 sn
637 297 718 339 ms.
733 297 826 339 χιιι.
842 299 922 338 xxv.
1205 277 1246 339 43

132 464 191 508 rnen,
207 447 332 511 yumntinis
350 447 442 495 dixere.
469 446 604 495 Palladius
615 447 759 507 Novembri,
773 447 809 494 tit.
824 450 837 495 7
851 444 921 507 [15]ε
938 445 1021 495 Mense
1038 445 1131 495 Martio
1149 454 1249 494 extremo

130 548 220 593 prunus
237 531 359 590 inseritur,
381 528 418 577 uel
432 545 508 576 mense
522 527 639 578 Ianuario
656 537 782 591 antequam
801 528 902 591 incipiat
915 529 1032 591 putamine
1048 527 1183 578 laaimare.
1210 530 1250 579 Its

132 617 198 663 enim
210 617 283 675 Mes,
300 615 342 663 ubi
354 614 431 675 vulgo
447 627 560 676 pammen.
583 611 683 676 [Neque
701 613 752 661 hoc
770 613 874 662 omnino
890 613 1069 676 improbamus,
1085 617 1129 664 sed
1147 616 1207 676 qnid
1224 616 1250 662 in

77 743 83 752 .
131 700 282 748 membranis
294 713 346 747 non
357 698 414 746 unis
426 697 603 758 invenerimus,
616 698 820 759 significavimus.
843 697 918 746 Unde
930 697 1012 760 possis
1024 698 1112 747 etiam:
1124 705 1249 759 antequam

131 783 229 845 incipiat
242 781 362 844 pummina
379 779 511 829 lacrimare.
533 782 576 829 Ex
591 777 712 829 Inserend.
730 795 755 844 p.
770 778 840 842 sta]
858 782 931 831 Idem
945 782 1011 831 dixit
1024 796 1119 845 pumma
1135 782 1249 839 Octobri,

131 867 169 914 tit.
184 872 213 915 12
228 863 267 926 [6]
274 858 284 912 ε’
297 863 327 912 In
344 864 433 913 amasis
448 863 491 912 luae
506 863 645 912 seruandum
663 871 710 924 est,
726 871 748 911 et
763 863 788 912 in
804 864 909 912 omnibus
925 865 1065 926 pammatis,
1081 873 1107 912 ut
1122 872 1175 914 mne
1190 864 1250 912 inse·

131 956 223 1009 rantur,
241 947 336 1011 quando
353 948 390 998 bis
406 947 443 996 vel
457 964 502 996 non
519 956 554 996 est
570 947 607 995 uel
623 946 708 996 desinit
722 963 818 1012 pumma
834 948 936 1011 effluere.
965 947 1142 999 Gumminosam
1154 955 1180 997 et
1190 949 1251 997 Pin·

131 1034 220 1082 tiunus.
244 1034 303 1081 Hoc
319 1034 395 1082 etism
412 1041 496 1082 tacere
511 1046 565 1081 non
580 1032 669 1093 debui,
692 1046 791 1095 semper
805 1032 832 1081 in
848 1033 990 1091 Vossiano,
1006 1033 1086 1081 immo
1103 1040 1128 1081 et
1143 1034 1169 1081 in
1187 1033 1252 1092 eliis,

122 1115 255 1177 fluctiones,
269 1115 453 1180 nonfluaiones,
467 1117 667 1179 quotiescunque
679 1116 705 1164 id
717 1115 868 1165 vocobulum
882 1117 998 1177 occurrit,
1010 1116 1131 1179 conspici.

165 1198 228 1249 Cir.
240 1202 299 1249 XV.
314 1196 442 1261 [8],131]
460 1197 528 1247 Folio
545 1197 610 1246 tenui
621 1197 685 1246 lauri
695 1197 857 1260 similitudine]
877 1200 954 1250 Voss.
970 1197 1170 1262 Obamaedopbns
1181 1200 1250 1248 unico

131 1282 223 1331 ramulo
235 1292 277 1343 est,
290 1281 390 1331 cubitale
393 1282 482 1344 ferme,
491 1281 561 1343 folia
574 1282 679 1330 tenuiora
692 1280 839 1344 usurosolra.
858 1282 943 1333 Samen
955 1282 1249 1346 rubemadaeautnsolils.

130 1367 236 1429 Corrige
254 1368 352 1415 leviter:
369 1364 468 1415 cubitali
477 1367 569 1431 same:
582 1365 651 1428 solia
662 1366 771 1414 tenuiora
784 1364 849 1414 lauri
856 1365 936 1429 solio:
955 1382 1032 1415 semen
1042 1365 1161 1415 adnmm
1169 1365 1249 1430 soliis.

128 1451 212 1498 Acnd.
227 1449 292 1498 Gud.
305 1449 407 1512 Mensp.
421 1448 554 1510 tenuisolio
566 1457 593 1497 ut
603 1447 668 1497 lauri
676 1465 760 1498 semen
778 1448 953 1512 Andeg.folia
966 1450 1030 1498 anui
1040 1458 1066 1498 ut
1077 1449 1248 1513 laurumsolia.

166 1531 219 1593 [89,
236 1530 295 1593 139]
318 1532 418 1581 Tenuem
435 1533 615 1581 scammoniam:
631 1540 655 1580 et
666 1531 772 1596 pedales,
781 1531 897 1596 foliosos]
915 1535 992 1584 Voss.
1005 1541 1094 1582 tenuem
1105 1534 1249 1583 mammonin

128 1632 209 1664 ramos
220 1616 290 1664 babet
302 1615 420 1679 bipedales
423 1615 528 1678 foliosos
544 1632 589 1664 non
602 1615 727 1665 dissimiles
738 1616 893 1665 scammoniae
904 1617 952 1666 nesi
963 1615 1033 1680 quod.
1050 1617 1131 1680 Lege:
1143 1615 1253 1665 nonnulli

129 1708 217 1748 tenuem
230 1699 403 1748 scammoniam.
422 1698 514 1748 Ramos
531 1698 601 1747 lrabet
613 1698 740 1763 bipedales,
748 1698 858 1761 foliosos,
875 1717 920 1749 non
936 1699 1065 1749 dissimiles
1079 1700 1244 1759 scammoniae,

128 1782 178 1831 nisi
197 1781 261 1845 quod
278 1781 386 1846 niprioro
402 1782 538 1844 minoraque
549 1789 604 1830 sunt
619 1781 694 1845 folia.
716 1783 830 1832 Dioscor.
852 1785 896 1833 lib.
917 1790 946 1843 4,
969 1791 991 1834 7.
1011 1780 1132 1847 κλήματα
1148 1775 1172 1831 δ’
1191 1778 1248 1848 ἔχει
1265 1785 1312 1830 793

127 1863 234 1929 μακρά,
251 1874 280 1915 ιιι
296 1865 359 1928 legit
376 1865 413 1915 Io.
431 1865 570 1916 Carnarius
587 1881 635 1929 pro
650 1861 742 1929 μικρά.
765 1866 821 1915 Alii
839 1881 941 1929 qnoque
954 1874 1064 1929 quatuor
1079 1868 1158 1917 nostri
1175 1875 1205 1915 ιιι
1224 1876 1249 1915 et

128 1950 254 2000 Pintisni:
266 1948 359 1998 Remos
375 1948 445 1997 babet
456 1947 563 2012 pedales.
580 1948 679 2013 Nempe
695 1964 786 1999 manns
802 1952 913 2001 secunda
923 1946 954 1997 τὸ
967 1948 1013 1999 BI
1019 1950 1123 2012 virgulis
1136 1950 1249 1998 confixe-

129 2041 170 2082 rat
181 2034 207 2082 in
219 2034 315 2096 optimo
327 2034 424 2082 codice.
435 2034 479 2082 lib.
493 2039 533 2094 25,
547 2039 561 2082 2
576 2031 612 2094 [6,
628 2030 669 2093 19]
690 2031 796 2096 bipedali
796 2033 851 2095 fuit
862 2031 995 2082 altitudine.
1275 2072 1278 2083 .

167 2114 222 2177 [89,
242 2114 301 2177 140]
324 2114 366 2163 Ea
388 2124 454 2164 necto
474 2115 576 2164 dentium
597 2113 690 2164 dolores
705 2114 797 2164 sedant.
827 2115 939 2165 Venerem
956 2113 1089 2176 stimulant]
1113 2117 1186 2164 Voss.
1205 2113 1247 2162 Er

128 2207 195 2248 aceto
207 2199 321 2247 edentium
340 2199 449 2249 Venerem
461 2197 590 2248 stimulant.
603 2208 632 2248 ut
640 2207 667 2248 et
680 2200 822 2249 Pintiunns.

165 2282 228 2333 One.
241 2283 314 2333 XVI.
330 2280 384 2344 [92‚
400 2281 458 2344 143]
481 2283 628 2345 statumque
643 2283 718 2330 inesse
734 2281 758 2330 ei
772 2283 845 2344 mnus,
861 2290 887 2330 ut
902 2280 1025 2344 olfactum]
1045 2283 1120 2332 Voss.
1139 2283 1250 2330 excludit

128 2363 162 2414 τὸ
176 2366 262 2415 inesse:
274 2374 300 2416 et
311 2368 407 2430 absque
418 2368 464 2416 illo
477 2368 538 2416 sutis
550 2373 651 2416 constet
663 2367 751 2416 oratio.

164 2449 228 2500 Ger.
240 2451 328 2500 XVII.
345 2447 416 2511 [101,
435 2445 499 2512 165]
514 2449 693 2514 Spssitieterida
709 2466 726 2498 a
737 2449 842 2498 conuictu
858 2448 883 2496 in
900 2447 1002 2497 Perside
1018 2445 1147 2509 nominari]
1166 2448 1248 2497 Acon.

129 2542 157 2582 et
174 2533 321 2594 Gudianus,
343 2532 521 2582 besuttaterida.
545 2533 645 2584 Chiflet.
664 2530 834 2581 bestitaterido.
860 2533 937 2582 Voss.
954 2531 1141 2581 boadtotcrida.
1163 2533 1249 2583 Ande-

128 2631 187 2679 gsv.
209 2615 400 2680 berytitatoyda.
426 2619 496 2667 Mon.
522 2615 676 2682 besr‘ntarida.
704 2617 825 2680 Suspicor
850 2615 1013 2675 nuncianda.
1039 2609 1208 2680 ‘Eortarople
1218 2618 1249 2665 ab

128 2698 272 2764 ἑστιάτωρ.
291 2701 327 2750 Ut
342 2701 394 2750 iere
406 2710 432 2751 et
442 2702 583 2751 Pintisnus.

164 2785 228 2835 Cer.
241 2785 314 2834 XIX.
333 2783 403 2846 [leti
424 2783 483 2846 184]
512 2783 583 2843 Quod
598 2784 710 2849 quomodo
727 2792 850 2846 sacretur,
869 2802 911 2834 suo
929 2784 978 2834 loto
996 2783 1126 2846 docuimus]
1149 2785 1249 2834 Prono·

127 2884 188 2917 men
204 2866 268 2930 quod
284 2875 323 2918 est
338 2883 355 2916 a
371 2883 449 2918 mann
465 2871 532 2919 mole
548 2871 648 2920 sedule:
665 2877 731 2920 certe
749 2871 860 2932 quinque
878 2871 958 2918 nostri
975 2883 1101 2918 consensu
1116 2868 1141 2916 id
1157 2869 1248 2914 sonde-

128 2961 225 3001 mnent.
243 2952 363 3002 Vossisni
376 2954 443 3002 enim
455 2956 543 3003 umbo:
556 2952 674 3002 docuimus
685 2969 727 3001 suo
739 2951 796 3001 loco.

512 3147 579 3211 AD
602 3145 724 3210 LIBR.
748 3144 867 3210 XXV.

163 3287 227 3337 Cir.
249 3288 269 3336 1.
291 3284 331 3347 [1,
352 3284 379 3348 3]
405 3284 455 3335 Sed
473 3284 576 3355 eulmina
597 3301 686 3348 quoque
705 3281 827 3344 montium]
851 3283 981 3332 Portieuls
998 3281 1048 3333 Sed
1071 3283 1098 3331 in
1114 3283 1186 3332 nullo
1209 3293 1247 3334 est

128 3378 280 3418 nostrorum.
299 3371 333 3420 Et
350 3370 479 3432 eleganter
495 3370 522 3418 in
539 3364 632 3420 talibus
649 3385 705 3419 esm
723 3369 805 3417 omitti
818 3369 917 3431 saepias
929 3370 961 3418 sd
972 3367 1073 3416 Livium
1086 3376 1112 3417 et
1125 3368 1247 3420 Senecam

127 3456 285 3503 monendum
299 3455 374 3504 nobis
389 3454 445 3503 init.
464 3454 514 3504 Sed
531 3461 556 3503 et
574 3456 624 3504 dno
635 3455 795 3517 posteriores,
812 3451 875 3500 mira
886 3450 929 3499 sed
938 3452 963 3499 in
980 3451 1023 3502 bns.
1039 3453 1167 3512 Vossisni,
1184 3452 1247 3499 miro

127 3537 150 3584 si
161 3537 186 3585 in
198 3536 240 3585 bis.
257 3537 340 3600 Lege:
353 3537 409 3588 Non
421 3553 495 3600 aeque
507 3537 564 3586 baec
576 3552 634 3586 cura
646 3553 723 3586 eorum
735 3535 798 3584 mna
808 3543 844 3584 est
855 3535 879 3584 in
891 3535 934 3584 bis.

162 3620 227 3670 Ces.
239 3620 274 3670 IL
289 3620 324 3683 [³,
339 3619 365 3682 t]
384 3621 505 3670 Libertum
523 3637 589 3669 suum
601 3619 721 3669 Lenaeum
736 3619 913 3670 Grammaticos
924 3619 986 3667 artis
998 3615 1165 3678 doctissimum]
1184 3617 1246 3665 Vox

127 3706 219 3754 ultime
231 3712 271 3755 est
285 3707 318 3754 sb
330 3720 384 3754 non
396 3707 552 3754 doctissimo.
571 3704 672 3754 chiflet.
685 3710 711 3752 et
721 3704 864 3753 Vossianus
875 3705 998 3765 relegant.
1016 3703 1050 3751 Et
1067 3702 1157 3749 eodem
1169 3700 1246 3747 modo

127 3788 228 3837 Plinius
240 3789 284 3838 lib.
298 3790 320 3850 7,
338 3795 369 3838 39
384 3786 437 3850 [ta
457 3786 529 3850 128]:
548 3787 654 3838 Pretium
666 3785 766 3835 bominis
777 3786 802 3834 in
814 3786 909 3835 servitio
919 3783 994 3849 pendi
1003 3783 1128 3831 mammam
1140 3779 1176 3830 od
1186 3780 1252 3829 banc

127 3869 190 3918 diem
206 3868 281 3933 (quod
294 3871 399 3934 equidem
416 3871 575 3935 compererim)
587 3871 642 3934 fuit
656 3870 835 3920 Grammaticus
852 3870 912 3918 artus
929 3865 1076 3930 Daphnidis,
1097 3862 1138 3915 On.
1156 3865 1246 3914 Pisau-

128 3954 193 4003 rensi
207 3954 325 4004 vendente.
343 3957 393 4006 Ubi
405 3958 468 4007 Mss.
486 3954 653 4019 Daphninatio
664 3954 816 4003 Pisaurense.
834 3956 925 4004 Forte:
937 3948 1075 4014 Daphnidis
1085 3948 1192 4013 Epnatio
1203 3948 1247 3998 H·

127 4055 240 4087 saurense
255 4038 373 4088 uendente.
392 4038 459 4101 [Lib.
473 4046 496 4100 9,
510 4047 524 4089 8
539 4038 574 4101 [8,
587 4036 643 4100 28]:
661 4037 772 4086 Arionem
789 4053 887 4100 quoque,
904 4032 1077 4084 citharoedicae
1089 4032 1157 4093 artis,
1176 4032 1246 4080 inter·

120 4121 198 4182 ficere
209 4123 291 4171 nautis
306 4123 331 4171 in
343 4123 408 4172 mari
419 4124 568 4187 parantibus.
586 4125 627 4172 Ex
638 4119 759 4171 Inserend.
777 4136 802 4184 p.
816 4118 886 4182 845]
903 4120 960 4169 Lib.
973 4125 1013 4178 30,
1027 4122 1042 4164 2
1056 4115 1091 4178 [6,
1107 4113 1161 4177 te]:
1179 4129 1248 4176 qucum
