<?xml version="1.0" encoding="UTF-8"?>
<!DOCTYPE html PUBLIC "-//W3C//DTD XHTML 1.0 Transitional//EN"
    "http://www.w3.org/TR/xhtml1/DTD/xhtml1-transitional.dtd">
<html xmlns="http://www.w3.org/1999/xhtml" xml:lang="en" lang="en">
 <head>
  <title>
</title>
<meta http-equiv="Content-Type" content="text/html;charset=utf-8" />
  <meta name='ocr-system' content='tesseract 3.04.00' />
  <meta name='ocr-capabilities' content='ocr_page ocr_carea ocr_par ocr_line ocrx_word'/>
</head>
<body>
  <div class='ocr_page' id='page_1' title='image "./cplinisecundina01grongoog_0380.png"; bbox 0 0 2760 4734; ppageno 0'>
   <div class='ocr_carea' id='block_1_1' title="bbox 509 252 1255 340">
    <p class='ocr_par' dir='ltr' id='par_1_1' title="bbox 509 252 1255 340">
     <span class='ocr_line' id='line_1_1' title="bbox 509 252 1255 340; baseline -0.001 -3"><span class='ocrx_word' id='word_1_1' title='bbox 509 252 614 337; x_wconf 70' lang='grc'><strong>116116</strong></span> <span class='ocrx_word' id='word_1_2' title='bbox 630 296 673 337; x_wconf 77' lang='lat' dir='ltr'><strong>ur&gt;</strong></span> <span class='ocrx_word' id='word_1_3' title='bbox 687 296 770 337; x_wconf 81' lang='lat' dir='ltr'><strong>ama.</strong></span> <span class='ocrx_word' id='word_1_4' title='bbox 785 296 880 336; x_wconf 77' lang='lat' dir='ltr'><strong>xxix.</strong></span> <span class='ocrx_word' id='word_1_5' title='bbox 1215 276 1255 340; x_wconf 80' lang='lat'><strong>57</strong></span> 
     </span>
    </p>
   </div>
   <div class='ocr_carea' id='block_1_2' title="bbox 70 445 1328 4268">
    <p class='ocr_par' dir='ltr' id='par_1_2' title="bbox 70 445 1328 4268">
     <span class='ocr_line' id='line_1_2' title="bbox 136 445 1255 506; baseline 0.002 -14"><span class='ocrx_word' id='word_1_6' title='bbox 136 446 207 493; x_wconf 86' lang='lat' dir='ltr'><strong>cibus</strong></span> <span class='ocrx_word' id='word_1_7' title='bbox 227 446 296 492; x_wconf 90' lang='lat' dir='ltr'><strong>hona</strong></span> <span class='ocrx_word' id='word_1_8' title='bbox 317 454 343 493; x_wconf 91' lang='lat' dir='ltr'><strong>et</strong></span> <span class='ocrx_word' id='word_1_9' title='bbox 363 445 430 494; x_wconf 87' lang='lat' dir='ltr'><strong>vitae</strong></span> <span class='ocrx_word' id='word_1_10' title='bbox 451 458 527 506; x_wconf 88' lang='lat' dir='ltr'><strong>qnam</strong></span> <span class='ocrx_word' id='word_1_11' title='bbox 547 446 652 494; x_wconf 89' lang='lat' dir='ltr'><strong>medicis</strong></span> <span class='ocrx_word' id='word_1_12' title='bbox 676 446 880 505; x_wconf 88' lang='lat' dir='ltr'><strong>committantur,</strong></span> <span class='ocrx_word' id='word_1_13' title='bbox 905 445 1022 494; x_wconf 74' lang='lat' dir='ltr'><strong>ostendit.</strong></span> <span class='ocrx_word' id='word_1_14' title='bbox 1051 445 1172 493; x_wconf 86' lang='lat' dir='ltr'><strong>Decurice</strong></span> <span class='ocrx_word' id='word_1_15' title='bbox 1195 455 1255 494; x_wconf 90' lang='lat' dir='ltr'><strong>sunt</strong></span> 
     </span>
     <span class='ocr_line' id='line_1_3' title="bbox 135 527 1254 591; baseline 0.001 -16"><span class='ocrx_word' id='word_1_16' title='bbox 135 528 257 587; x_wconf 90' lang='lat' dir='ltr'><strong>iudicum,</strong></span> <span class='ocrx_word' id='word_1_17' title='bbox 271 528 410 590; x_wconf 88' lang='lat' dir='ltr'><strong>etquidem</strong></span> <span class='ocrx_word' id='word_1_18' title='bbox 424 528 542 590; x_wconf 89' lang='lat' dir='ltr'><strong>quinque.</strong></span> <span class='ocrx_word' id='word_1_19' title='bbox 565 529 652 577; x_wconf 90' lang='lat' dir='ltr'><strong>Prima</strong></span> <span class='ocrx_word' id='word_1_20' title='bbox 663 528 787 578; x_wconf 83' lang='lat' dir='ltr'><strong>senatoria</strong></span> <span class='ocrx_word' id='word_1_21' title='bbox 799 537 861 588; x_wconf 90' lang='lat' dir='ltr'><strong>erat,</strong></span> <span class='ocrx_word' id='word_1_22' title='bbox 875 527 992 578; x_wconf 81' lang='lat' dir='ltr'><strong>Ciceroni</strong></span> <span class='ocrx_word' id='word_1_23' title='bbox 1005 527 1134 591; x_wconf 86' lang='lat' dir='ltr'><strong>appellata</strong></span> <span class='ocrx_word' id='word_1_24' title='bbox 1148 534 1169 577; x_wconf 94' lang='lat' dir='ltr'><strong>l.</strong></span> <span class='ocrx_word' id='word_1_25' title='bbox 1182 530 1254 578; x_wconf 90' lang='lat' dir='ltr'><strong>Verr.</strong></span> 
     </span>
     <span class='ocr_line' id='line_1_4' title="bbox 135 612 1255 675; baseline 0 -15"><span class='ocrx_word' id='word_1_26' title='bbox 135 621 252 660; x_wconf 85' lang='lat' dir='ltr'><strong>extremo</strong></span> <span class='ocrx_word' id='word_1_27' title='bbox 265 618 326 660; x_wconf 75' lang='grc'><strong>612.</strong></span> <span class='ocrx_word' id='word_1_28' title='bbox 340 612 412 672; x_wconf 90' lang='lat' dir='ltr'><strong>libro,</strong></span> <span class='ocrx_word' id='word_1_29' title='bbox 424 626 479 674; x_wconf 89' lang='lat' dir='ltr'><strong>cap.</strong></span> <span class='ocrx_word' id='word_1_30' title='bbox 493 616 533 660; x_wconf 79' lang='lat'><strong>³2.</strong></span> <span class='ocrx_word' id='word_1_31' title='bbox 552 612 644 661; x_wconf 84' lang='lat' dir='ltr'><strong>Altera</strong></span> <span class='ocrx_word' id='word_1_32' title='bbox 661 613 762 673; x_wconf 85' lang='lat' dir='ltr'><strong>equitnm</strong></span> <span class='ocrx_word' id='word_1_33' title='bbox 774 628 790 661; x_wconf 92' lang='lat' dir='ltr'><strong>a</strong></span> <span class='ocrx_word' id='word_1_34' title='bbox 802 612 956 662; x_wconf 80' lang='lat' dir='ltr'><strong>Gracchanis</strong></span> <span class='ocrx_word' id='word_1_35' title='bbox 968 613 1130 675; x_wconf 79' lang='lat' dir='ltr'>temporibus.</span> <span class='ocrx_word' id='word_1_36' title='bbox 1148 613 1255 662; x_wconf 84' lang='lat' dir='ltr'>Tribuni</span> 
     </span>
     <span class='ocr_line' id='line_1_5' title="bbox 134 694 1255 757; baseline 0 -14"><span class='ocrx_word' id='word_1_37' title='bbox 134 696 233 754; x_wconf 89' lang='lat' dir='ltr'><strong>aerarii,</strong></span> <span class='ocrx_word' id='word_1_38' title='bbox 252 696 294 757; x_wconf 93' lang='lat' dir='ltr'><strong>qni</strong></span> <span class='ocrx_word' id='word_1_39' title='bbox 311 696 411 744; x_wconf 79' lang='lat' dir='ltr'><strong>tertiam</strong></span> <span class='ocrx_word' id='word_1_40' title='bbox 428 694 563 755; x_wconf 84' lang='lat' dir='ltr'><strong>iaciebant,</strong></span> <span class='ocrx_word' id='word_1_41' title='bbox 581 695 673 744; x_wconf 78' lang='lat' dir='ltr'><strong>sublati</strong></span> <span class='ocrx_word' id='word_1_42' title='bbox 690 695 794 755; x_wconf 89' lang='lat' dir='ltr'><strong>aIulio,</strong></span> <span class='ocrx_word' id='word_1_43' title='bbox 813 705 841 745; x_wconf 90' lang='lat' dir='ltr'><strong>ut</strong></span> <span class='ocrx_word' id='word_1_44' title='bbox 858 696 959 746; x_wconf 75' lang='lat' dir='ltr'><strong>tradidit</strong></span> <span class='ocrx_word' id='word_1_45' title='bbox 971 695 1074 746; x_wconf 88' lang='lat' dir='ltr'><strong>Sueton.</strong></span> <span class='ocrx_word' id='word_1_46' title='bbox 1087 711 1108 744; x_wconf 88' lang='lat' dir='ltr'><strong>c.</strong></span> <span class='ocrx_word' id='word_1_47' title='bbox 1121 700 1171 754; x_wconf 77' lang='lat'><strong>41,</strong></span> <span class='ocrx_word' id='word_1_48' title='bbox 1189 697 1255 745; x_wconf 90' lang='lat' dir='ltr'><strong>inter</strong></span> 
     </span>
     <span class='ocr_line' id='line_1_6' title="bbox 136 778 1255 843; baseline 0.002 -17"><span class='ocrx_word' id='word_1_49' title='bbox 136 780 211 827; x_wconf 89' lang='lat' dir='ltr'><strong>huius</strong></span> <span class='ocrx_word' id='word_1_50' title='bbox 224 788 331 828; x_wconf 90' lang='lat' dir='ltr'><strong>mortem</strong></span> <span class='ocrx_word' id='word_1_51' title='bbox 342 778 428 827; x_wconf 92' lang='lat' dir='ltr'><strong>locum</strong></span> <span class='ocrx_word' id='word_1_52' title='bbox 440 779 557 828; x_wconf 87' lang='lat' dir='ltr'><strong>iecerunt</strong></span> <span class='ocrx_word' id='word_1_53' title='bbox 568 779 685 828; x_wconf 88' lang='lat' dir='ltr'><strong>decuriae</strong></span> <span class='ocrx_word' id='word_1_54' title='bbox 696 778 854 827; x_wconf 80' lang='lat' dir='ltr'><strong>centurionum</strong></span> <span class='ocrx_word' id='word_1_55' title='bbox 872 780 904 827; x_wconf 91' lang='lat' dir='ltr'><strong>ab</strong></span> <span class='ocrx_word' id='word_1_56' title='bbox 915 780 1029 829; x_wconf 83' lang='lat' dir='ltr'><strong>Antonio</strong></span> <span class='ocrx_word' id='word_1_57' title='bbox 1041 781 1150 839; x_wconf 90' lang='lat' dir='ltr'><strong>additae,</strong></span> <span class='ocrx_word' id='word_1_58' title='bbox 1162 781 1193 828; x_wconf 91' lang='lat' dir='ltr'><strong>de</strong></span> <span class='ocrx_word' id='word_1_59' title='bbox 1205 795 1255 843; x_wconf 89' lang='lat' dir='ltr'><strong>qua</strong></span> 
     </span>
     <span class='ocr_line' id='line_1_7' title="bbox 135 861 1254 927; baseline 0.002 -16"><span class='ocrx_word' id='word_1_60' title='bbox 135 861 228 913; x_wconf 82' lang='lat' dir='ltr'><strong>Cicero</strong></span> <span class='ocrx_word' id='word_1_61' title='bbox 244 868 264 911; x_wconf 96' lang='grc'><strong>1.</strong></span> <span class='ocrx_word' id='word_1_62' title='bbox 278 872 303 911; x_wconf 87' lang='grc'><strong>61</strong></span> <span class='ocrx_word' id='word_1_63' title='bbox 316 869 338 911; x_wconf 80' lang='lat' dir='ltr'><strong>o.</strong></span> <span class='ocrx_word' id='word_1_64' title='bbox 352 872 377 912; x_wconf 91' lang='lat' dir='ltr'><strong>et</strong></span> <span class='ocrx_word' id='word_1_65' title='bbox 392 869 422 912; x_wconf 93' lang='grc'><strong>13</strong></span> <span class='ocrx_word' id='word_1_66' title='bbox 434 863 585 927; x_wconf 84' lang='lat' dir='ltr'><strong>Philippica</strong></span> <span class='ocrx_word' id='word_1_67' title='bbox 605 863 731 923; x_wconf 76' lang='lat' dir='ltr'><strong>Quartam</strong></span> <span class='ocrx_word' id='word_1_68' title='bbox 747 863 839 912; x_wconf 89' lang='lat' dir='ltr'><strong>adiecit</strong></span> <span class='ocrx_word' id='word_1_69' title='bbox 849 862 982 925; x_wconf 81' lang='lat' dir='ltr'><strong>Augustus</strong></span> <span class='ocrx_word' id='word_1_70' title='bbox 993 862 1180 923; x_wconf 81' lang='lat' dir='ltr'><strong><em>ducenariorum,</em></strong></span> <span class='ocrx_word' id='word_1_71' title='bbox 1193 863 1254 914; x_wconf 89' lang='lat' dir='ltr'><strong>Sue-</strong></span> 
     </span>
     <span class='ocr_line' id='line_1_8' title="bbox 135 946 1254 1007; baseline 0.004 -15"><span class='ocrx_word' id='word_1_72' title='bbox 135 954 189 992; x_wconf 87' lang='lat' dir='ltr'><strong>ten.</strong></span> <span class='ocrx_word' id='word_1_73' title='bbox 202 950 251 1004; x_wconf 83' lang='lat'><strong>32,</strong></span> <span class='ocrx_word' id='word_1_74' title='bbox 274 946 317 1007; x_wconf 90' lang='lat' dir='ltr'><strong>qni</strong></span> <span class='ocrx_word' id='word_1_75' title='bbox 336 946 479 994; x_wconf 90' lang='lat' dir='ltr'><strong>iudicarent</strong></span> <span class='ocrx_word' id='word_1_76' title='bbox 495 947 527 994; x_wconf 88' lang='lat' dir='ltr'><strong>de</strong></span> <span class='ocrx_word' id='word_1_77' title='bbox 544 946 679 995; x_wconf 73' lang='lat' dir='ltr'><strong>leuioribus</strong></span> <span class='ocrx_word' id='word_1_78' title='bbox 700 947 812 996; x_wconf 90' lang='lat' dir='ltr'><strong>summis.</strong></span> <span class='ocrx_word' id='word_1_79' title='bbox 840 947 961 1006; x_wconf 88' lang='lat' dir='ltr'><strong>Quintam</strong></span> <span class='ocrx_word' id='word_1_80' title='bbox 978 946 1064 1007; x_wconf 83' lang='lat' dir='ltr'><strong>Caius,</strong></span> <span class='ocrx_word' id='word_1_81' title='bbox 1084 950 1173 996; x_wconf 88' lang='lat' dir='ltr'><strong>eodem</strong></span> <span class='ocrx_word' id='word_1_82' title='bbox 1191 956 1254 996; x_wconf 90' lang='lat' dir='ltr'><strong>teste</strong></span> 
     </span>
     <span class='ocr_line' id='line_1_9' title="bbox 135 1027 1253 1094; baseline 0.004 -20"><span class='ocrx_word' id='word_1_83' title='bbox 135 1042 190 1089; x_wconf 87' lang='lat' dir='ltr'><strong>cap.</strong></span> <span class='ocrx_word' id='word_1_84' title='bbox 203 1033 241 1076; x_wconf 97' lang='grc'><strong>16.</strong></span> <span class='ocrx_word' id='word_1_85' title='bbox 261 1028 346 1088; x_wconf 81' lang='lat' dir='ltr'><strong><em>Quare</em></strong></span> <span class='ocrx_word' id='word_1_86' title='bbox 359 1044 416 1078; x_wconf 91' lang='lat' dir='ltr'><strong>cum</strong></span> <span class='ocrx_word' id='word_1_87' title='bbox 429 1030 461 1078; x_wconf 91' lang='lat' dir='ltr'><strong>ab</strong></span> <span class='ocrx_word' id='word_1_88' title='bbox 473 1030 545 1078; x_wconf 91' lang='lat' dir='ltr'><strong>initio</strong></span> <span class='ocrx_word' id='word_1_89' title='bbox 557 1030 620 1079; x_wconf 92' lang='lat' dir='ltr'><strong>illud</strong></span> <span class='ocrx_word' id='word_1_90' title='bbox 632 1027 684 1080; x_wconf 82' lang='lat' dir='ltr'><strong>Sed</strong></span> <span class='ocrx_word' id='word_1_91' title='bbox 694 1045 785 1092; x_wconf 91' lang='lat' dir='ltr'><strong>parum</strong></span> <span class='ocrx_word' id='word_1_92' title='bbox 797 1031 913 1078; x_wconf 84' lang='lat' dir='ltr'><strong>uideatur</strong></span> <span class='ocrx_word' id='word_1_93' title='bbox 925 1031 1017 1078; x_wconf 90' lang='lat' dir='ltr'><strong>habere</strong></span> <span class='ocrx_word' id='word_1_94' title='bbox 1029 1031 1160 1090; x_wconf 80' lang='lat' dir='ltr'><strong>momenti,</strong></span> <span class='ocrx_word' id='word_1_95' title='bbox 1173 1031 1253 1094; x_wconf 93' lang='lat' dir='ltr'><strong>suspi-</strong></span> 
     </span>
     <span class='ocr_line' id='line_1_10' title="bbox 134 1110 1252 1176; baseline 0.006 -19"><span class='ocrx_word' id='word_1_96' title='bbox 134 1112 211 1158; x_wconf 89' lang='lat' dir='ltr'><strong>cabar</strong></span> <span class='ocrx_word' id='word_1_97' title='bbox 228 1112 365 1173; x_wconf 90' lang='lat' dir='ltr'><strong>aliquando</strong></span> <span class='ocrx_word' id='word_1_98' title='bbox 382 1113 505 1176; x_wconf 90' lang='lat' dir='ltr'><strong>scriptum</strong></span> <span class='ocrx_word' id='word_1_99' title='bbox 522 1112 599 1162; x_wconf 86' lang='lat' dir='ltr'><strong>fuisse</strong></span> <span class='ocrx_word' id='word_1_100' title='bbox 618 1110 774 1163; x_wconf 83' lang='lat' dir='ltr'><strong>Vdecurice:</strong></span> <span class='ocrx_word' id='word_1_101' title='bbox 798 1114 856 1161; x_wconf 90' lang='lat' dir='ltr'><strong>dein</strong></span> <span class='ocrx_word' id='word_1_102' title='bbox 874 1113 972 1175; x_wconf 86' lang='lat' dir='ltr'><strong>virgula</strong></span> <span class='ocrx_word' id='word_1_103' title='bbox 993 1112 1058 1162; x_wconf 85' lang='lat' dir='ltr'><strong>iorte</strong></span> <span class='ocrx_word' id='word_1_104' title='bbox 1079 1115 1178 1164; x_wconf 89' lang='lat' dir='ltr'><strong>adiecta</strong></span> <span class='ocrx_word' id='word_1_105' title='bbox 1195 1113 1252 1173; x_wconf 76' lang='lat' dir='ltr'><strong>Ser,</strong></span> 
     </span>
     <span class='ocr_line' id='line_1_11' title="bbox 133 1193 1253 1259; baseline 0.003 -17"><span class='ocrx_word' id='word_1_106' title='bbox 133 1204 224 1256; x_wconf 89' lang='lat' dir='ltr'><strong>postea</strong></span> <span class='ocrx_word' id='word_1_107' title='bbox 240 1193 298 1255; x_wconf 83' lang='lat' dir='ltr'><strong>Sed,</strong></span> <span class='ocrx_word' id='word_1_108' title='bbox 315 1194 425 1257; x_wconf 80' lang='lat' dir='ltr'><strong>lactum3</strong></span> <span class='ocrx_word' id='word_1_109' title='bbox 443 1212 501 1245; x_wconf 87' lang='lat' dir='ltr'><strong>cum</strong></span> <span class='ocrx_word' id='word_1_110' title='bbox 518 1196 592 1245; x_wconf 77' lang='lat' dir='ltr'><strong>scribi</strong></span> <span class='ocrx_word' id='word_1_111' title='bbox 610 1204 750 1259; x_wconf 77' lang='lat' dir='ltr'><strong>oporteret:</strong></span> <span class='ocrx_word' id='word_1_112' title='bbox 772 1194 880 1258; x_wconf 79' lang='lat' dir='ltr'><strong>Quinque</strong></span> <span class='ocrx_word' id='word_1_113' title='bbox 892 1196 1003 1244; x_wconf 83' lang='lat' dir='ltr'><strong>decuriae</strong></span> <span class='ocrx_word' id='word_1_114' title='bbox 1016 1213 1063 1259; x_wconf 84' lang='lat' dir='ltr'><strong>pro</strong></span> <span class='ocrx_word' id='word_1_115' title='bbox 1074 1213 1137 1246; x_wconf 88' lang='lat' dir='ltr'><strong>more</strong></span> <span class='ocrx_word' id='word_1_116' title='bbox 1149 1197 1253 1245; x_wconf 85' lang='lat' dir='ltr'><strong>censuris</strong></span> 
     </span>
     <span class='ocr_line' id='line_1_12' title="bbox 129 1277 1252 1341; baseline 0.007 -19"><span class='ocrx_word' id='word_1_117' title='bbox 129 1277 267 1339; x_wconf 81' lang='lat' dir='ltr'><strong>principum</strong></span> <span class='ocrx_word' id='word_1_118' title='bbox 279 1279 451 1327; x_wconf 70' lang='lat' dir='ltr'><strong>montinuntur.</strong></span> <span class='ocrx_word' id='word_1_119' title='bbox 470 1281 545 1329; x_wconf 85' lang='lat' dir='ltr'><strong>Addo</strong></span> <span class='ocrx_word' id='word_1_120' title='bbox 557 1279 707 1330; x_wconf 84' lang='lat' dir='ltr'><strong>Suetonium</strong></span> <span class='ocrx_word' id='word_1_121' title='bbox 719 1279 828 1330; x_wconf 84' lang='lat' dir='ltr'><strong>Claudio</strong></span> <span class='ocrx_word' id='word_1_122' title='bbox 842 1294 896 1341; x_wconf 92' lang='lat' dir='ltr'><strong>cap.</strong></span> <span class='ocrx_word' id='word_1_123' title='bbox 912 1286 950 1328; x_wconf 90' lang='grc'><strong>16.</strong></span> <span class='ocrx_word' id='word_1_124' title='bbox 969 1282 1019 1332; x_wconf 86' lang='lat' dir='ltr'><strong>Sed</strong></span> <span class='ocrx_word' id='word_1_125' title='bbox 1031 1282 1082 1329; x_wconf 92' lang='lat' dir='ltr'><strong>hoc</strong></span> <span class='ocrx_word' id='word_1_126' title='bbox 1093 1280 1252 1330; x_wconf 88' lang='lat' dir='ltr'><strong>arbitrarium</strong></span> 
     </span>
     <span class='ocr_line' id='line_1_13' title="bbox 133 1362 1252 1427; baseline 0.007 -22"><span class='ocrx_word' id='word_1_127' title='bbox 133 1370 199 1417; x_wconf 89' lang='lat' dir='ltr'><strong>esto,</strong></span> <span class='ocrx_word' id='word_1_128' title='bbox 219 1374 309 1422; x_wconf 89' lang='lat' dir='ltr'><strong>neque,</strong></span> <span class='ocrx_word' id='word_1_129' title='bbox 327 1363 347 1410; x_wconf 90' lang='lat' dir='ltr'><strong>si</strong></span> <span class='ocrx_word' id='word_1_130' title='bbox 365 1363 406 1411; x_wconf 91' lang='lat' dir='ltr'><strong>cui</strong></span> <span class='ocrx_word' id='word_1_131' title='bbox 422 1377 494 1412; x_wconf 90' lang='lat' dir='ltr'><strong>secus</strong></span> <span class='ocrx_word' id='word_1_132' title='bbox 511 1364 634 1423; x_wconf 88' lang='lat' dir='ltr'><strong>videatur,</strong></span> <span class='ocrx_word' id='word_1_133' title='bbox 655 1377 703 1426; x_wconf 94' lang='lat' dir='ltr'><strong>pro</strong></span> <span class='ocrx_word' id='word_1_134' title='bbox 719 1377 750 1411; x_wconf 91' lang='lat' dir='ltr'><strong>eo</strong></span> <span class='ocrx_word' id='word_1_135' title='bbox 767 1363 904 1412; x_wconf 90' lang='lat' dir='ltr'><strong>obtinendo</strong></span> <span class='ocrx_word' id='word_1_136' title='bbox 921 1364 1095 1427; x_wconf 84' lang='lat' dir='ltr'><strong>pugnaverim.</strong></span> <span class='ocrx_word' id='word_1_137' title='bbox 1122 1362 1252 1426; x_wconf 87' lang='lat' dir='ltr'><strong>Sequitur:</strong></span> 
     </span>
     <span class='ocr_line' id='line_1_14' title="bbox 133 1443 1251 1511; baseline 0.008 -23"><span class='ocrx_word' id='word_1_138' title='bbox 133 1443 254 1504; x_wconf 78' lang='lat' dir='ltr'><strong>inquisitio</strong></span> <span class='ocrx_word' id='word_1_139' title='bbox 266 1460 312 1506; x_wconf 84' lang='lat' dir='ltr'><strong>per</strong></span> <span class='ocrx_word' id='word_1_140' title='bbox 325 1444 430 1506; x_wconf 84' lang='lat' dir='ltr'><strong>parietes</strong></span> <span class='ocrx_word' id='word_1_141' title='bbox 445 1445 534 1510; x_wconf 84' lang='lat' dir='ltr'><strong>aqitur.</strong></span> <span class='ocrx_word' id='word_1_142' title='bbox 562 1447 696 1496; x_wconf 88' lang='lat' dir='ltr'><strong>Pintianus</strong></span> <span class='ocrx_word' id='word_1_143' title='bbox 717 1447 819 1497; x_wconf 82' lang='lat' dir='ltr'><strong>coniicit</strong></span> <span class='ocrx_word' id='word_1_144' title='bbox 835 1447 973 1508; x_wconf 82' lang='lat' dir='ltr'><strong>legendnm</strong></span> <span class='ocrx_word' id='word_1_145' title='bbox 985 1462 1031 1509; x_wconf 83' lang='lat' dir='ltr'><strong>per</strong></span> <span class='ocrx_word' id='word_1_146' title='bbox 1043 1454 1162 1510; x_wconf 84' lang='lat' dir='ltr'><strong>parentes,</strong></span> <span class='ocrx_word' id='word_1_147' title='bbox 1184 1450 1251 1511; x_wconf 93' lang='lat' dir='ltr'><strong>quod</strong></span> 
     </span>
     <span class='ocr_line' id='line_1_15' title="bbox 131 1528 1251 1595; baseline 0.004 -19"><span class='ocrx_word' id='word_1_148' title='bbox 131 1528 172 1586; x_wconf 89' lang='lat' dir='ltr'><strong>sit,</strong></span> <span class='ocrx_word' id='word_1_149' title='bbox 194 1542 239 1590; x_wconf 88' lang='lat' dir='ltr'><strong>per</strong></span> <span class='ocrx_word' id='word_1_150' title='bbox 258 1529 568 1579; x_wconf 79' lang='lat' dir='ltr'><strong>nobilitatemmaiorum.</strong></span> <span class='ocrx_word' id='word_1_151' title='bbox 594 1530 623 1578; x_wconf 88' lang='lat' dir='ltr'><strong>P.</strong></span> <span class='ocrx_word' id='word_1_152' title='bbox 640 1530 765 1579; x_wconf 79' lang='lat' dir='ltr'><strong>Pithoeus</strong></span> <span class='ocrx_word' id='word_1_153' title='bbox 784 1531 811 1578; x_wconf 89' lang='lat' dir='ltr'><strong>in</strong></span> <span class='ocrx_word' id='word_1_154' title='bbox 830 1530 994 1580; x_wconf 85' lang='lat' dir='ltr'><strong>Adversariis</strong></span> <span class='ocrx_word' id='word_1_155' title='bbox 1015 1541 1121 1581; x_wconf 88' lang='lat' dir='ltr'><strong>conatur</strong></span> <span class='ocrx_word' id='word_1_156' title='bbox 1142 1532 1251 1595; x_wconf 91' lang='lat' dir='ltr'><strong>primum</strong></span> 
     </span>
     <span class='ocr_line' id='line_1_16' title="bbox 133 1602 1250 1678; baseline 0.004 -18"><span class='ocrx_word' id='word_1_157' title='bbox 133 1612 259 1673; x_wconf 86' lang='lat' dir='ltr'><strong>explicare</strong></span> <span class='ocrx_word' id='word_1_158' title='bbox 271 1613 303 1659; x_wconf 86' lang='lat' dir='ltr'><strong>de</strong></span> <span class='ocrx_word' id='word_1_159' title='bbox 315 1610 383 1660; x_wconf 89' lang='lat' dir='ltr'><strong>furto</strong></span> <span class='ocrx_word' id='word_1_160' title='bbox 396 1619 522 1675; x_wconf 89' lang='lat' dir='ltr'><strong>concepto</strong></span> <span class='ocrx_word' id='word_1_161' title='bbox 533 1625 579 1675; x_wconf 88' lang='lat' dir='ltr'><strong>per</strong></span> <span class='ocrx_word' id='word_1_162' title='bbox 590 1612 690 1661; x_wconf 88' lang='lat' dir='ltr'><strong>lancem</strong></span> <span class='ocrx_word' id='word_1_163' title='bbox 702 1619 728 1660; x_wconf 92' lang='lat' dir='ltr'><strong>et</strong></span> <span class='ocrx_word' id='word_1_164' title='bbox 738 1602 840 1673; x_wconf 83' lang='lat' dir='ltr'><strong>licinm;</strong></span> <span class='ocrx_word' id='word_1_165' title='bbox 859 1613 917 1660; x_wconf 89' lang='lat' dir='ltr'><strong>dein</strong></span> <span class='ocrx_word' id='word_1_166' title='bbox 929 1614 1033 1674; x_wconf 86' lang='lat' dir='ltr'><strong>mavult,</strong></span> <span class='ocrx_word' id='word_1_167' title='bbox 1047 1622 1075 1662; x_wconf 91' lang='lat' dir='ltr'><strong>ut</strong></span> <span class='ocrx_word' id='word_1_168' title='bbox 1086 1615 1130 1676; x_wconf 90' lang='lat' dir='ltr'><strong>ait,</strong></span> <span class='ocrx_word' id='word_1_169' title='bbox 1142 1617 1250 1678; x_wconf 88' lang='lat' dir='ltr'><strong>parietes</strong></span> 
     </span>
     <span class='ocr_line' id='line_1_17' title="bbox 131 1694 1250 1762; baseline 0.005 -22"><span class='ocrx_word' id='word_1_170' title='bbox 131 1694 228 1743; x_wconf 88' lang='lat' dir='ltr'><strong>diruere</strong></span> <span class='ocrx_word' id='word_1_171' title='bbox 240 1703 267 1742; x_wconf 91' lang='lat' dir='ltr'><strong>et</strong></span> <span class='ocrx_word' id='word_1_172' title='bbox 274 1702 357 1756; x_wconf 84' lang='lat' dir='ltr'><strong>partes</strong></span> <span class='ocrx_word' id='word_1_173' title='bbox 369 1708 500 1758; x_wconf 85' lang='lat' dir='ltr'><strong>reponere,</strong></span> <span class='ocrx_word' id='word_1_174' title='bbox 512 1697 614 1758; x_wconf 90' lang='lat' dir='ltr'><strong>qnando</strong></span> <span class='ocrx_word' id='word_1_175' title='bbox 624 1696 693 1759; x_wconf 91' lang='lat' dir='ltr'><strong>apud</strong></span> <span class='ocrx_word' id='word_1_176' title='bbox 702 1695 887 1755; x_wconf 74' lang='lat' dir='ltr'><strong>Quintilianum</strong></span> <span class='ocrx_word' id='word_1_177' title='bbox 898 1696 941 1744; x_wconf 86' lang='grc'><strong>111),</strong></span> <span class='ocrx_word' id='word_1_178' title='bbox 952 1702 975 1744; x_wconf 90' lang='grc'><strong>6.</strong></span> <span class='ocrx_word' id='word_1_179' title='bbox 993 1697 1077 1747; x_wconf 90' lang='lat' dir='ltr'><strong>Instit.</strong></span> <span class='ocrx_word' id='word_1_180' title='bbox 1088 1704 1102 1746; x_wconf 79' lang='lat'><strong>2</strong></span> <span class='ocrx_word' id='word_1_181' title='bbox 1114 1696 1153 1760; x_wconf 92' lang='lat' dir='ltr'><strong>[l]</strong></span> <span class='ocrx_word' id='word_1_182' title='bbox 1164 1699 1250 1762; x_wconf 93' lang='lat' dir='ltr'><strong>appel·</strong></span> 
     </span>
     <span class='ocr_line' id='line_1_18' title="bbox 132 1776 1249 1844; baseline 0.005 -17"><span class='ocrx_word' id='word_1_183' title='bbox 132 1780 218 1827; x_wconf 90' lang='lat' dir='ltr'><strong>lantur</strong></span> <span class='ocrx_word' id='word_1_184' title='bbox 233 1787 314 1841; x_wconf 84' lang='lat' dir='ltr'><strong>portes</strong></span> <span class='ocrx_word' id='word_1_185' title='bbox 330 1777 540 1839; x_wconf 77' lang='lat' dir='ltr'><strong>centumviralium,</strong></span> <span class='ocrx_word' id='word_1_186' title='bbox 558 1794 619 1841; x_wconf 85' lang='lat' dir='ltr'><strong>quoe</strong></span> <span class='ocrx_word' id='word_1_187' title='bbox 635 1779 660 1827; x_wconf 85' lang='lat' dir='ltr'><strong>in</strong></span> <span class='ocrx_word' id='word_1_188' title='bbox 671 1776 733 1827; x_wconf 83' lang='lat' dir='ltr'><strong>duas</strong></span> <span class='ocrx_word' id='word_1_189' title='bbox 745 1777 885 1827; x_wconf 79' lang='grc'><strong>1661666161</strong></span> <span class='ocrx_word' id='word_1_190' title='bbox 897 1777 994 1828; x_wconf 76' lang='grc'><strong>1111116116.</strong></span> <span class='ocrx_word' id='word_1_191' title='bbox 1013 1783 1154 1844; x_wconf 91' lang='lat' dir='ltr'><strong>Utramque</strong></span> <span class='ocrx_word' id='word_1_192' title='bbox 1166 1798 1249 1833; x_wconf 89' lang='lat' dir='ltr'><strong>emen·</strong></span> 
     </span>
     <span class='ocr_line' id='line_1_19' title="bbox 132 1863 1248 1929; baseline 0.004 -19"><span class='ocrx_word' id='word_1_193' title='bbox 132 1864 262 1912; x_wconf 87' lang='lat' dir='ltr'><strong>dationem</strong></span> <span class='ocrx_word' id='word_1_194' title='bbox 279 1863 350 1924; x_wconf 89' lang='lat' dir='ltr'><strong>quasi</strong></span> <span class='ocrx_word' id='word_1_195' title='bbox 368 1877 382 1911; x_wconf 89' lang='lat' dir='ltr'><strong>e</strong></span> <span class='ocrx_word' id='word_1_196' title='bbox 394 1863 445 1912; x_wconf 90' lang='lat' dir='ltr'><strong>suis</strong></span> <span class='ocrx_word' id='word_1_197' title='bbox 458 1864 567 1913; x_wconf 90' lang='lat' dir='ltr'><strong>conditis</strong></span> <span class='ocrx_word' id='word_1_198' title='bbox 579 1864 715 1913; x_wconf 86' lang='lat' dir='ltr'><strong>admetitur</strong></span> <span class='ocrx_word' id='word_1_199' title='bbox 726 1863 915 1927; x_wconf 86' lang='lat' dir='ltr'><strong>Dalecampius,</strong></span> <span class='ocrx_word' id='word_1_200' title='bbox 932 1878 1015 1926; x_wconf 90' lang='lat' dir='ltr'><strong>neque</strong></span> <span class='ocrx_word' id='word_1_201' title='bbox 1031 1866 1102 1914; x_wconf 91' lang='lat' dir='ltr'><strong>addit</strong></span> <span class='ocrx_word' id='word_1_202' title='bbox 1113 1867 1248 1929; x_wconf 90' lang='lat' dir='ltr'><strong>quicquam</strong></span> 
     </span>
     <span class='ocr_line' id='line_1_20' title="bbox 131 1945 1249 2010; baseline 0.005 -18"><span class='ocrx_word' id='word_1_203' title='bbox 131 1954 234 2007; x_wconf 87' lang='lat' dir='ltr'><strong>praeter</strong></span> <span class='ocrx_word' id='word_1_204' title='bbox 251 1945 380 1994; x_wconf 89' lang='lat' dir='ltr'><strong>cumulum</strong></span> <span class='ocrx_word' id='word_1_205' title='bbox 397 1959 517 2006; x_wconf 87' lang='lat' dir='ltr'><strong>errorum,</strong></span> <span class='ocrx_word' id='word_1_206' title='bbox 534 1949 594 1996; x_wconf 92' lang='lat' dir='ltr'><strong>dum</strong></span> <span class='ocrx_word' id='word_1_207' title='bbox 610 1954 727 1996; x_wconf 88' lang='lat' dir='ltr'><strong>auctores</strong></span> <span class='ocrx_word' id='word_1_208' title='bbox 744 1947 845 1996; x_wconf 82' lang='lat' dir='ltr'><strong>vincere</strong></span> <span class='ocrx_word' id='word_1_209' title='bbox 862 1948 939 2008; x_wconf 87' lang='lat' dir='ltr'><strong>gestit</strong></span> <span class='ocrx_word' id='word_1_210' title='bbox 951 1950 1109 2010; x_wconf 87' lang='lat' dir='ltr'><strong>exponendo.</strong></span> <span class='ocrx_word' id='word_1_211' title='bbox 1127 1949 1249 1998; x_wconf 88' lang='lat' dir='ltr'><strong>Decurias</strong></span> 
     </span>
     <span class='ocr_line' id='line_1_21' title="bbox 132 2028 1248 2094; baseline 0.006 -20"><span class='ocrx_word' id='word_1_212' title='bbox 132 2029 218 2076; x_wconf 81' lang='lat' dir='ltr'><strong>scribit</strong></span> <span class='ocrx_word' id='word_1_213' title='bbox 229 2029 329 2077; x_wconf 88' lang='lat' dir='ltr'><strong>Romae</strong></span> <span class='ocrx_word' id='word_1_214' title='bbox 344 2028 421 2078; x_wconf 83' lang='grc'><strong>161666</strong></span> <span class='ocrx_word' id='word_1_215' title='bbox 434 2029 553 2091; x_wconf 90' lang='lat' dir='ltr'><strong>quinque,</strong></span> <span class='ocrx_word' id='word_1_216' title='bbox 571 2031 599 2078; x_wconf 92' lang='lat' dir='ltr'><strong>in</strong></span> <span class='ocrx_word' id='word_1_217' title='bbox 615 2030 721 2092; x_wconf 77' lang='lat' dir='ltr'><strong>singulis</strong></span> <span class='ocrx_word' id='word_1_218' title='bbox 741 2036 789 2080; x_wconf 92' lang='grc'><strong>100</strong></span> <span class='ocrx_word' id='word_1_219' title='bbox 807 2031 882 2090; x_wconf 87' lang='lat' dir='ltr'><strong>cives,</strong></span> <span class='ocrx_word' id='word_1_220' title='bbox 901 2031 944 2093; x_wconf 89' lang='lat' dir='ltr'><strong>qui</strong></span> <span class='ocrx_word' id='word_1_221' title='bbox 961 2031 1062 2092; x_wconf 89' lang='lat' dir='ltr'><strong>iudices,</strong></span> <span class='ocrx_word' id='word_1_222' title='bbox 1080 2045 1133 2080; x_wconf 91' lang='lat' dir='ltr'><strong>non</strong></span> <span class='ocrx_word' id='word_1_223' title='bbox 1145 2033 1248 2094; x_wconf 85' lang='lat' dir='ltr'><strong>equites,</strong></span> 
     </span>
     <span class='ocr_line' id='line_1_22' title="bbox 132 2111 1249 2176; baseline 0.004 -19"><span class='ocrx_word' id='word_1_224' title='bbox 132 2112 201 2160; x_wconf 92' lang='lat' dir='ltr'><strong>dicti.</strong></span> <span class='ocrx_word' id='word_1_225' title='bbox 223 2111 325 2175; x_wconf 86' lang='lat' dir='ltr'><strong>Quippe</strong></span> <span class='ocrx_word' id='word_1_226' title='bbox 341 2112 384 2160; x_wconf 83' lang='grc'><strong>1111</strong></span> <span class='ocrx_word' id='word_1_227' title='bbox 408 2127 475 2174; x_wconf 90' lang='lat' dir='ltr'><strong>qnos</strong></span> <span class='ocrx_word' id='word_1_228' title='bbox 489 2113 556 2162; x_wconf 91' lang='lat' dir='ltr'><strong>inter</strong></span> <span class='ocrx_word' id='word_1_229' title='bbox 571 2114 646 2162; x_wconf 89' lang='lat' dir='ltr'><strong>multi</strong></span> <span class='ocrx_word' id='word_1_230' title='bbox 661 2122 745 2163; x_wconf 89' lang='lat' dir='ltr'><strong>essent</strong></span> <span class='ocrx_word' id='word_1_231' title='bbox 767 2115 862 2164; x_wconf 90' lang='lat' dir='ltr'><strong>ordinis</strong></span> <span class='ocrx_word' id='word_1_232' title='bbox 878 2130 931 2163; x_wconf 90' lang='lat' dir='ltr'><strong>non</strong></span> <span class='ocrx_word' id='word_1_233' title='bbox 947 2115 1077 2176; x_wconf 86' lang='lat' dir='ltr'><strong>equestris.</strong></span> <span class='ocrx_word' id='word_1_234' title='bbox 1103 2114 1155 2165; x_wconf 87' lang='lat' dir='ltr'><strong>Sed</strong></span> <span class='ocrx_word' id='word_1_235' title='bbox 1172 2114 1249 2163; x_wconf 89' lang='lat' dir='ltr'><strong>verba</strong></span> 
     </span>
     <span class='ocr_line' id='line_1_23' title="bbox 131 2194 1248 2263; baseline 0.001 -19"><span class='ocrx_word' id='word_1_236' title='bbox 131 2196 208 2244; x_wconf 91' lang='lat' dir='ltr'><strong>Plinii</strong></span> <span class='ocrx_word' id='word_1_237' title='bbox 220 2195 374 2244; x_wconf 72' lang='grc'><strong>6611111133.</strong></span> <span class='ocrx_word' id='word_1_238' title='bbox 387 2196 469 2259; x_wconf 86' lang='grc' dir='ltr'><strong>66ρί16</strong></span> <span class='ocrx_word' id='word_1_239' title='bbox 482 2201 493 2243; x_wconf 92' lang='grc'><strong>1</strong></span> <span class='ocrx_word' id='word_1_240' title='bbox 510 2194 546 2257; x_wconf 86' lang='grc'><strong>[7,</strong></span> <span class='ocrx_word' id='word_1_241' title='bbox 559 2194 604 2257; x_wconf 87' lang='grc'><strong>30]</strong></span> <span class='ocrx_word' id='word_1_242' title='bbox 617 2196 683 2246; x_wconf 89' lang='lat' dir='ltr'><strong>male</strong></span> <span class='ocrx_word' id='word_1_243' title='bbox 695 2206 799 2263; x_wconf 90' lang='lat' dir='ltr'><strong>accepta</strong></span> <span class='ocrx_word' id='word_1_244' title='bbox 812 2198 862 2246; x_wconf 92' lang='lat' dir='ltr'><strong>huc</strong></span> <span class='ocrx_word' id='word_1_245' title='bbox 873 2198 1008 2247; x_wconf 80' lang='lat' dir='ltr'><strong>transtulit</strong></span> <span class='ocrx_word' id='word_1_246' title='bbox 1028 2198 1248 2258; x_wconf 78' lang='lat' dir='ltr'><strong>Quemadmodum</strong></span> 
     </span>
     <span class='ocr_line' id='line_1_24' title="bbox 131 2276 1249 2343; baseline 0.003 -18"><span class='ocrx_word' id='word_1_247' title='bbox 131 2294 164 2326; x_wconf 90' lang='lat' dir='ltr'><strong>ex</strong></span> <span class='ocrx_word' id='word_1_248' title='bbox 177 2279 290 2339; x_wconf 89' lang='lat' dir='ltr'><strong>sequenti</strong></span> <span class='ocrx_word' id='word_1_249' title='bbox 300 2276 336 2340; x_wconf 86' lang='lat'><strong>[8,</strong></span> <span class='ocrx_word' id='word_1_250' title='bbox 346 2276 399 2340; x_wconf 79' lang='lat'><strong>82],</strong></span> <span class='ocrx_word' id='word_1_251' title='bbox 411 2282 480 2340; x_wconf 89' lang='lat' dir='ltr'><strong>quod</strong></span> <span class='ocrx_word' id='word_1_252' title='bbox 490 2281 627 2342; x_wconf 71' lang='lat' dir='ltr'><strong>subiungit,</strong></span> <span class='ocrx_word' id='word_1_253' title='bbox 641 2278 793 2329; x_wconf 75' lang='lat' dir='ltr'><strong>Consulatum</strong></span> <span class='ocrx_word' id='word_1_254' title='bbox 805 2296 832 2328; x_wconf 88' lang='lat' dir='ltr'><strong>ne</strong></span> <span class='ocrx_word' id='word_1_255' title='bbox 840 2279 880 2328; x_wconf 88' lang='lat' dir='ltr'><strong>cni</strong></span> <span class='ocrx_word' id='word_1_256' title='bbox 888 2281 925 2328; x_wconf 85' lang='lat' dir='ltr'><strong>ius</strong></span> <span class='ocrx_word' id='word_1_257' title='bbox 934 2278 961 2328; x_wconf 85' lang='lat' dir='ltr'><strong>id</strong></span> <span class='ocrx_word' id='word_1_258' title='bbox 969 2288 1035 2340; x_wconf 78' lang='lat' dir='ltr'><strong>esset,</strong></span> <span class='ocrx_word' id='word_1_259' title='bbox 1046 2280 1093 2328; x_wconf 81' lang='lat' dir='ltr'><strong>nisi</strong></span> <span class='ocrx_word' id='word_1_260' title='bbox 1101 2281 1141 2330; x_wconf 91' lang='lat' dir='ltr'><strong>cui</strong></span> <span class='ocrx_word' id='word_1_261' title='bbox 1150 2281 1249 2343; x_wconf 87' lang='lat' dir='ltr'><strong>inqenuo</strong></span> 
     </span>
     <span class='ocr_line' id='line_1_25' title="bbox 132 2361 1248 2428; baseline 0.004 -20"><span class='ocrx_word' id='word_1_262' title='bbox 132 2361 187 2423; x_wconf 83' lang='lat' dir='ltr'><strong>ipsi,</strong></span> <span class='ocrx_word' id='word_1_263' title='bbox 203 2361 272 2424; x_wconf 85' lang='lat' dir='ltr'><strong>patri</strong></span> <span class='ocrx_word' id='word_1_264' title='bbox 286 2377 375 2424; x_wconf 84' lang='lat' dir='ltr'><strong>auoque</strong></span> <span class='ocrx_word' id='word_1_265' title='bbox 387 2370 489 2426; x_wconf 73' lang='lat' dir='ltr'><strong>potmno</strong></span> <span class='ocrx_word' id='word_1_266' title='bbox 499 2363 607 2412; x_wconf 76' lang='grc'><strong>6661611111</strong></span> <span class='ocrx_word' id='word_1_267' title='bbox 623 2362 998 2428; x_wconf 71' lang='lat' dir='ltr'><strong>quadrinqentucenstussuisse13</strong></span> <span class='ocrx_word' id='word_1_268' title='bbox 1017 2373 1043 2413; x_wconf 92' lang='lat' dir='ltr'><strong>et</strong></span> <span class='ocrx_word' id='word_1_269' title='bbox 1053 2365 1103 2413; x_wconf 89' lang='lat' dir='ltr'><strong>hoc</strong></span> <span class='ocrx_word' id='word_1_270' title='bbox 1114 2379 1168 2413; x_wconf 86' lang='lat' dir='ltr'><strong>esse</strong></span> <span class='ocrx_word' id='word_1_271' title='bbox 1184 2364 1248 2413; x_wconf 90' lang='lat' dir='ltr'><strong>illud</strong></span> 
     </span>
     <span class='ocr_line' id='line_1_26' title="bbox 131 2445 1247 2511; baseline 0.003 -18"><span class='ocrx_word' id='word_1_272' title='bbox 131 2460 246 2502; x_wconf 85' lang='lat' dir='ltr'><strong>examen,</strong></span> <span class='ocrx_word' id='word_1_273' title='bbox 258 2447 325 2495; x_wconf 89' lang='lat' dir='ltr'><strong>hanc</strong></span> <span class='ocrx_word' id='word_1_274' title='bbox 336 2445 523 2508; x_wconf 87' lang='lat' dir='ltr'><strong>inquisitionem</strong></span> <span class='ocrx_word' id='word_1_275' title='bbox 531 2462 577 2510; x_wconf 85' lang='lat' dir='ltr'><strong>per</strong></span> <span class='ocrx_word' id='word_1_276' title='bbox 586 2455 705 2510; x_wconf 82' lang='lat' dir='ltr'><strong>pur-entes.</strong></span> <span class='ocrx_word' id='word_1_277' title='bbox 722 2448 760 2497; x_wconf 80' lang='lat' dir='ltr'><strong>At</strong></span> <span class='ocrx_word' id='word_1_278' title='bbox 771 2449 869 2497; x_wconf 91' lang='lat' dir='ltr'><strong>Plinius</strong></span> <span class='ocrx_word' id='word_1_279' title='bbox 880 2448 906 2496; x_wconf 94' lang='lat' dir='ltr'><strong>id</strong></span> <span class='ocrx_word' id='word_1_280' title='bbox 918 2449 1065 2511; x_wconf 89' lang='lat' dir='ltr'><strong>pronuntiat</strong></span> <span class='ocrx_word' id='word_1_281' title='bbox 1076 2462 1129 2497; x_wconf 91' lang='lat' dir='ltr'><strong>non</strong></span> <span class='ocrx_word' id='word_1_282' title='bbox 1141 2449 1172 2497; x_wconf 96' lang='lat' dir='ltr'><strong>de</strong></span> <span class='ocrx_word' id='word_1_283' title='bbox 1183 2449 1247 2496; x_wconf 91' lang='lat' dir='ltr'><strong>indi-</strong></span> 
     </span>
     <span class='ocr_line' id='line_1_27' title="bbox 132 2528 1248 2594; baseline 0.004 -18"><span class='ocrx_word' id='word_1_284' title='bbox 132 2538 199 2587; x_wconf 87' lang='lat' dir='ltr'><strong>cata,</strong></span> <span class='ocrx_word' id='word_1_285' title='bbox 215 2531 260 2577; x_wconf 90' lang='lat' dir='ltr'><strong>sed</strong></span> <span class='ocrx_word' id='word_1_286' title='bbox 272 2530 303 2577; x_wconf 91' lang='lat' dir='ltr'><strong>de</strong></span> <span class='ocrx_word' id='word_1_287' title='bbox 313 2529 369 2578; x_wconf 90' lang='lat' dir='ltr'><strong>iure</strong></span> <span class='ocrx_word' id='word_1_288' title='bbox 379 2543 514 2579; x_wconf 88' lang='lat' dir='ltr'><strong>aureorum</strong></span> <span class='ocrx_word' id='word_1_289' title='bbox 525 2531 687 2580; x_wconf 90' lang='lat' dir='ltr'><strong>annulorum.</strong></span> <span class='ocrx_word' id='word_1_290' title='bbox 705 2532 792 2580; x_wconf 86' lang='lat' dir='ltr'><strong>Priore</strong></span> <span class='ocrx_word' id='word_1_291' title='bbox 804 2546 905 2594; x_wconf 89' lang='lat' dir='ltr'><strong>quoquo</strong></span> <span class='ocrx_word' id='word_1_292' title='bbox 917 2532 975 2580; x_wconf 90' lang='lat' dir='ltr'><strong>loco</strong></span> <span class='ocrx_word' id='word_1_293' title='bbox 988 2529 1024 2592; x_wconf 87' lang='grc'><strong>[7,</strong></span> <span class='ocrx_word' id='word_1_294' title='bbox 1035 2528 1080 2592; x_wconf 87' lang='grc'><strong>30]</strong></span> <span class='ocrx_word' id='word_1_295' title='bbox 1093 2533 1137 2581; x_wconf 82' lang='lat' dir='ltr'><strong>rix</strong></span> <span class='ocrx_word' id='word_1_296' title='bbox 1148 2532 1248 2594; x_wconf 84' lang='lat' dir='ltr'><strong>singula</strong></span> 
     </span>
     <span class='ocr_line' id='line_1_28' title="bbox 132 2612 1247 2678; baseline 0.004 -19"><span class='ocrx_word' id='word_1_297' title='bbox 132 2612 213 2661; x_wconf 92' lang='lat' dir='ltr'><strong>millia</strong></span> <span class='ocrx_word' id='word_1_298' title='bbox 230 2613 256 2661; x_wconf 93' lang='lat' dir='ltr'><strong>in</strong></span> <span class='ocrx_word' id='word_1_299' title='bbox 273 2613 392 2673; x_wconf 90' lang='lat' dir='ltr'><strong>decuriis,</strong></span> <span class='ocrx_word' id='word_1_300' title='bbox 413 2628 492 2675; x_wconf 90' lang='lat' dir='ltr'><strong>quum</strong></span> <span class='ocrx_word' id='word_1_301' title='bbox 508 2625 618 2677; x_wconf 89' lang='lat' dir='ltr'><strong>quatuor</strong></span> <span class='ocrx_word' id='word_1_302' title='bbox 635 2622 727 2675; x_wconf 88' lang='lat' dir='ltr'><strong>essent,</strong></span> <span class='ocrx_word' id='word_1_303' title='bbox 747 2614 825 2664; x_wconf 90' lang='lat' dir='ltr'><strong>inisse</strong></span> <span class='ocrx_word' id='word_1_304' title='bbox 843 2615 889 2664; x_wconf 92' lang='lat' dir='ltr'><strong>sub</strong></span> <span class='ocrx_word' id='word_1_305' title='bbox 905 2615 1024 2678; x_wconf 81' lang='lat' dir='ltr'><strong>Augusto</strong></span> <span class='ocrx_word' id='word_1_306' title='bbox 1041 2616 1127 2665; x_wconf 88' lang='lat' dir='ltr'><strong>scribit</strong></span> <span class='ocrx_word' id='word_1_307' title='bbox 1141 2616 1247 2665; x_wconf 89' lang='lat' dir='ltr'><strong>Plinius.</strong></span> 
     </span>
     <span class='ocr_line' id='line_1_29' title="bbox 132 2695 1247 2762; baseline 0.004 -19"><span class='ocrx_word' id='word_1_308' title='bbox 132 2695 245 2744; x_wconf 87' lang='lat' dir='ltr'><strong>Velleius</strong></span> <span class='ocrx_word' id='word_1_309' title='bbox 260 2696 411 2758; x_wconf 90' lang='lat' dir='ltr'><strong>Pompeium</strong></span> <span class='ocrx_word' id='word_1_310' title='bbox 429 2701 479 2748; x_wconf 88' lang='grc'><strong>360</strong></span> <span class='ocrx_word' id='word_1_311' title='bbox 495 2697 587 2759; x_wconf 82' lang='lat' dir='ltr'><strong>legisse</strong></span> <span class='ocrx_word' id='word_1_312' title='bbox 603 2700 681 2748; x_wconf 91' lang='lat' dir='ltr'><strong>tradit</strong></span> <span class='ocrx_word' id='word_1_313' title='bbox 695 2699 739 2749; x_wconf 85' lang='lat' dir='ltr'><strong>lib.</strong></span> <span class='ocrx_word' id='word_1_314' title='bbox 756 2705 771 2748; x_wconf 77' lang='lat'><strong>2</strong></span> <span class='ocrx_word' id='word_1_315' title='bbox 790 2697 826 2761; x_wconf 79' lang='lat'><strong>[2,</strong></span> <span class='ocrx_word' id='word_1_316' title='bbox 841 2702 879 2759; x_wconf 87' lang='grc'><strong>76,</strong></span> <span class='ocrx_word' id='word_1_317' title='bbox 894 2697 930 2761; x_wconf 67' lang='lat' dir='ltr'><strong>U.</strong></span> <span class='ocrx_word' id='word_1_318' title='bbox 953 2699 1042 2749; x_wconf 82' lang='lat' dir='ltr'><strong>Cicero</strong></span> <span class='ocrx_word' id='word_1_319' title='bbox 1058 2700 1153 2749; x_wconf 87' lang='lat' dir='ltr'><strong>indices</strong></span> <span class='ocrx_word' id='word_1_320' title='bbox 1168 2715 1247 2762; x_wconf 84' lang='lat' dir='ltr'><strong>agno-</strong></span> 
     </span>
     <span class='ocr_line' id='line_1_30' title="bbox 70 2780 1247 2854; baseline 0.003 -26"><span class='ocrx_word' id='word_1_321' title='bbox 70 2838 81 2854; x_wconf 52' lang='lat'><strong>·</strong></span> <span class='ocrx_word' id='word_1_322' title='bbox 131 2780 178 2828; x_wconf 92' lang='lat' dir='ltr'><strong>scit</strong></span> <span class='ocrx_word' id='word_1_323' title='bbox 195 2785 252 2840; x_wconf 87' lang='grc'><strong>350,</strong></span> <span class='ocrx_word' id='word_1_324' title='bbox 270 2781 313 2843; x_wconf 92' lang='lat' dir='ltr'><strong>qui</strong></span> <span class='ocrx_word' id='word_1_325' title='bbox 324 2781 460 2844; x_wconf 89' lang='lat' dir='ltr'><strong>praecipue</strong></span> <span class='ocrx_word' id='word_1_326' title='bbox 469 2780 557 2831; x_wconf 84' lang='lat' dir='ltr'><strong>Onaso</strong></span> <span class='ocrx_word' id='word_1_327' title='bbox 567 2783 762 2843; x_wconf 89' lang='lat' dir='ltr'><strong>oblectarentur,</strong></span> <span class='ocrx_word' id='word_1_328' title='bbox 770 2784 813 2832; x_wconf 92' lang='lat' dir='ltr'><strong>lib.</strong></span> <span class='ocrx_word' id='word_1_329' title='bbox 829 2789 852 2833; x_wconf 89' lang='grc'><strong>3.</strong></span> <span class='ocrx_word' id='word_1_330' title='bbox 867 2784 1077 2847; x_wconf 69' lang='lat' dir='ltr'><strong>contuemini.</strong></span> <span class='ocrx_word' id='word_1_331' title='bbox 1094 2781 1146 2844; x_wconf 94' lang='grc'><strong>[16.</strong></span> <span class='ocrx_word' id='word_1_332' title='bbox 1159 2781 1247 2844; x_wconf 87' lang='lat' dir='ltr'><strong>med.].</strong></span> 
     </span>
     <span class='ocr_line' id='line_1_31' title="bbox 130 2863 1248 2930; baseline 0.004 -19"><span class='ocrx_word' id='word_1_333' title='bbox 130 2863 217 2912; x_wconf 86' lang='lat' dir='ltr'><strong>Nihilo</strong></span> <span class='ocrx_word' id='word_1_334' title='bbox 236 2864 394 2913; x_wconf 89' lang='lat' dir='ltr'><strong>commodius</strong></span> <span class='ocrx_word' id='word_1_335' title='bbox 414 2867 545 2928; x_wconf 81' lang='lat' dir='ltr'><strong>adspergit</strong></span> <span class='ocrx_word' id='word_1_336' title='bbox 562 2869 593 2917; x_wconf 92' lang='lat' dir='ltr'><strong>de</strong></span> <span class='ocrx_word' id='word_1_337' title='bbox 611 2868 770 2930; x_wconf 87' lang='lat' dir='ltr'><strong>quadruplici</strong></span> <span class='ocrx_word' id='word_1_338' title='bbox 787 2869 880 2916; x_wconf 91' lang='lat' dir='ltr'><strong>iudicio</strong></span> <span class='ocrx_word' id='word_1_339' title='bbox 899 2876 925 2917; x_wconf 89' lang='lat' dir='ltr'><strong>et</strong></span> <span class='ocrx_word' id='word_1_340' title='bbox 941 2869 1040 2917; x_wconf 91' lang='lat' dir='ltr'><strong>duobus</strong></span> <span class='ocrx_word' id='word_1_341' title='bbox 1060 2868 1172 2917; x_wconf 88' lang='lat' dir='ltr'><strong>consiliis</strong></span> <span class='ocrx_word' id='word_1_342' title='bbox 1190 2883 1248 2917; x_wconf 90' lang='lat' dir='ltr'><strong>cen·</strong></span> 
     </span>
     <span class='ocr_line' id='line_1_32' title="bbox 130 2948 1247 3013; baseline 0.004 -19"><span class='ocrx_word' id='word_1_343' title='bbox 130 2949 294 2996; x_wconf 83' lang='lat' dir='ltr'><strong>tumriromm</strong></span> <span class='ocrx_word' id='word_1_344' title='bbox 310 2961 344 2998; x_wconf 86' lang='lat' dir='ltr'><strong>ex</strong></span> <span class='ocrx_word' id='word_1_345' title='bbox 361 2948 442 2998; x_wconf 90' lang='lat' dir='ltr'><strong>altero</strong></span> <span class='ocrx_word' id='word_1_346' title='bbox 459 2949 542 2998; x_wconf 92' lang='lat' dir='ltr'><strong>Plinio</strong></span> <span class='ocrx_word' id='word_1_347' title='bbox 555 2948 592 3012; x_wconf 89' lang='grc'><strong>[3,</strong></span> <span class='ocrx_word' id='word_1_348' title='bbox 605 2957 646 3011; x_wconf 88' lang='grc'><strong>33,</strong></span> <span class='ocrx_word' id='word_1_349' title='bbox 659 2948 696 3011; x_wconf 73' lang='lat'><strong>2],</strong></span> <span class='ocrx_word' id='word_1_350' title='bbox 713 2960 741 2999; x_wconf 91' lang='lat' dir='ltr'><strong>nt</strong></span> <span class='ocrx_word' id='word_1_351' title='bbox 758 2952 882 3013; x_wconf 89' lang='lat' dir='ltr'><strong>approbet</strong></span> <span class='ocrx_word' id='word_1_352' title='bbox 895 2966 941 3012; x_wconf 85' lang='lat' dir='ltr'><strong>per</strong></span> <span class='ocrx_word' id='word_1_353' title='bbox 956 2958 1045 3013; x_wconf 83' lang='lat' dir='ltr'><strong>partes.</strong></span> <span class='ocrx_word' id='word_1_354' title='bbox 1068 2952 1164 3001; x_wconf 87' lang='lat' dir='ltr'><strong>Valent</strong></span> <span class='ocrx_word' id='word_1_355' title='bbox 1180 2951 1247 2998; x_wconf 92' lang='lat' dir='ltr'><strong>enim</strong></span> 
     </span>
     <span class='ocr_line' id='line_1_33' title="bbox 130 3031 1247 3095; baseline 0.003 -16"><span class='ocrx_word' id='word_1_356' title='bbox 130 3034 190 3090; x_wconf 87' lang='lat' dir='ltr'><strong>ista,</strong></span> <span class='ocrx_word' id='word_1_357' title='bbox 214 3031 256 3079; x_wconf 91' lang='lat' dir='ltr'><strong>ubi</strong></span> <span class='ocrx_word' id='word_1_358' title='bbox 275 3031 371 3081; x_wconf 88' lang='grc'><strong>16111666</strong></span> <span class='ocrx_word' id='word_1_359' title='bbox 391 3033 442 3082; x_wconf 90' lang='lat' dir='ltr'><strong>iam</strong></span> <span class='ocrx_word' id='word_1_360' title='bbox 463 3035 552 3083; x_wconf 89' lang='lat' dir='ltr'><strong>sedent</strong></span> <span class='ocrx_word' id='word_1_361' title='bbox 572 3035 732 3083; x_wconf 79' lang='lat' dir='ltr'><strong>centumuiri:</strong></span> <span class='ocrx_word' id='word_1_362' title='bbox 758 3040 785 3082; x_wconf 90' lang='lat' dir='ltr'><strong>at</strong></span> <span class='ocrx_word' id='word_1_363' title='bbox 804 3034 881 3082; x_wconf 91' lang='lat' dir='ltr'><strong>Plinii</strong></span> <span class='ocrx_word' id='word_1_364' title='bbox 900 3035 1028 3095; x_wconf 90' lang='lat' dir='ltr'><strong>inquisitio</strong></span> <span class='ocrx_word' id='word_1_365' title='bbox 1048 3034 1132 3082; x_wconf 89' lang='lat' dir='ltr'><strong>estin</strong></span> <span class='ocrx_word' id='word_1_366' title='bbox 1152 3034 1247 3082; x_wconf 90' lang='lat' dir='ltr'><strong>iudices</strong></span> 
     </span>
     <span class='ocr_line' id='line_1_34' title="bbox 131 3114 1328 3179; baseline 0.001 -18"><span class='ocrx_word' id='word_1_367' title='bbox 131 3116 297 3176; x_wconf 81' lang='lat' dir='ltr'><strong>legendorum</strong></span> <span class='ocrx_word' id='word_1_368' title='bbox 314 3130 396 3164; x_wconf 88' lang='lat' dir='ltr'><strong>causa.</strong></span> <span class='ocrx_word' id='word_1_369' title='bbox 423 3117 467 3165; x_wconf 91' lang='lat' dir='ltr'><strong>Me</strong></span> <span class='ocrx_word' id='word_1_370' title='bbox 486 3119 508 3166; x_wconf 90' lang='lat' dir='ltr'><strong>si</strong></span> <span class='ocrx_word' id='word_1_371' title='bbox 525 3118 580 3179; x_wconf 88' lang='lat' dir='ltr'><strong>quis</strong></span> <span class='ocrx_word' id='word_1_372' title='bbox 597 3119 696 3176; x_wconf 87' lang='lat' dir='ltr'><strong>audiet,</strong></span> <span class='ocrx_word' id='word_1_373' title='bbox 712 3119 830 3178; x_wconf 82' lang='lat' dir='ltr'><strong>refingat:</strong></span> <span class='ocrx_word' id='word_1_374' title='bbox 848 3115 967 3177; x_wconf 83' lang='lat' dir='ltr'><strong>inquisitio</strong></span> <span class='ocrx_word' id='word_1_375' title='bbox 981 3132 1026 3178; x_wconf 85' lang='lat' dir='ltr'><strong>per</strong></span> <span class='ocrx_word' id='word_1_376' title='bbox 1043 3115 1139 3178; x_wconf 86' lang='lat' dir='ltr'><strong>patrius</strong></span> <span class='ocrx_word' id='word_1_377' title='bbox 1158 3114 1247 3178; x_wconf 85' lang='lat' dir='ltr'><strong>uqitur.</strong></span> <span class='ocrx_word' id='word_1_378' title='bbox 1325 3167 1328 3173; x_wconf 56' lang='grc'><strong>,</strong></span> 
     </span>
     <span class='ocr_line' id='line_1_35' title="bbox 130 3197 1248 3263; baseline 0.002 -17"><span class='ocrx_word' id='word_1_379' title='bbox 130 3199 165 3246; x_wconf 85' lang='lat' dir='ltr'><strong>Et</strong></span> <span class='ocrx_word' id='word_1_380' title='bbox 180 3197 474 3262; x_wconf 81' lang='lat' dir='ltr'><strong>inquisitionemaccipio,</strong></span> <span class='ocrx_word' id='word_1_381' title='bbox 497 3215 573 3263; x_wconf 90' lang='lat' dir='ltr'><strong>quam</strong></span> <span class='ocrx_word' id='word_1_382' title='bbox 593 3203 620 3249; x_wconf 91' lang='lat' dir='ltr'><strong>in</strong></span> <span class='ocrx_word' id='word_1_383' title='bbox 637 3201 700 3249; x_wconf 85' lang='lat' dir='ltr'><strong>ahos</strong></span> <span class='ocrx_word' id='word_1_384' title='bbox 718 3200 795 3248; x_wconf 89' lang='lat' dir='ltr'><strong>etiam</strong></span> <span class='ocrx_word' id='word_1_385' title='bbox 817 3201 928 3262; x_wconf 87' lang='lat' dir='ltr'><strong>privatos</strong></span> <span class='ocrx_word' id='word_1_386' title='bbox 949 3199 1074 3263; x_wconf 88' lang='lat' dir='ltr'><strong>principes</strong></span> <span class='ocrx_word' id='word_1_387' title='bbox 1094 3201 1121 3249; x_wconf 92' lang='lat' dir='ltr'><strong>in</strong></span> <span class='ocrx_word' id='word_1_388' title='bbox 1142 3213 1248 3249; x_wconf 91' lang='lat' dir='ltr'><strong>censura</strong></span> 
     </span>
     <span class='ocr_line' id='line_1_36' title="bbox 129 3282 1247 3348; baseline 0.003 -19"><span class='ocrx_word' id='word_1_389' title='bbox 129 3282 261 3331; x_wconf 88' lang='lat' dir='ltr'><strong>faciebant.</strong></span> <span class='ocrx_word' id='word_1_390' title='bbox 290 3283 426 3332; x_wconf 85' lang='lat' dir='ltr'><strong>Suetonius</strong></span> <span class='ocrx_word' id='word_1_391' title='bbox 448 3284 556 3335; x_wconf 81' lang='lat' dir='ltr'><strong>Claudio</strong></span> <span class='ocrx_word' id='word_1_392' title='bbox 577 3300 632 3348; x_wconf 90' lang='lat' dir='ltr'><strong>cap.</strong></span> <span class='ocrx_word' id='word_1_393' title='bbox 657 3291 695 3334; x_wconf 90' lang='grc'><strong>16.</strong></span> <span class='ocrx_word' id='word_1_394' title='bbox 725 3282 812 3333; x_wconf 84' lang='lat' dir='ltr'><strong>Plures</strong></span> <span class='ocrx_word' id='word_1_395' title='bbox 832 3291 913 3331; x_wconf 87' lang='lat' dir='ltr'><strong>notare</strong></span> <span class='ocrx_word' id='word_1_396' title='bbox 933 3290 1042 3344; x_wconf 77' lang='lat' dir='ltr'><strong>conotus,</strong></span> <span class='ocrx_word' id='word_1_397' title='bbox 1062 3299 1150 3348; x_wconf 75' lang='grc'><strong>11169116</strong></span> <span class='ocrx_word' id='word_1_398' title='bbox 1171 3284 1247 3346; x_wconf 87' lang='lat' dir='ltr'><strong>inqui-</strong></span> 
     </span>
     <span class='ocr_line' id='line_1_37' title="bbox 128 3365 1248 3433; baseline 0.004 -21"><span class='ocrx_word' id='word_1_399' title='bbox 128 3365 224 3413; x_wconf 82' lang='lat' dir='ltr'><strong>sitorum</strong></span> <span class='ocrx_word' id='word_1_400' title='bbox 241 3365 394 3430; x_wconf 69' lang='lat' dir='ltr'><strong>neqli9entr‘e,</strong></span> <span class='ocrx_word' id='word_1_401' title='bbox 410 3365 454 3415; x_wconf 83' lang='lat' dir='ltr'><strong>sed</strong></span> <span class='ocrx_word' id='word_1_402' title='bbox 467 3384 509 3416; x_wconf 89' lang='lat' dir='ltr'><strong>suo</strong></span> <span class='ocrx_word' id='word_1_403' title='bbox 526 3369 616 3416; x_wconf 86' lang='lat' dir='ltr'><strong>maiore</strong></span> <span class='ocrx_word' id='word_1_404' title='bbox 632 3367 754 3429; x_wconf 84' lang='lat' dir='ltr'><strong>dedecore,</strong></span> <span class='ocrx_word' id='word_1_405' title='bbox 776 3367 884 3416; x_wconf 80' lang='lat' dir='ltr'><strong>innoxios</strong></span> <span class='ocrx_word' id='word_1_406' title='bbox 893 3369 951 3431; x_wconf 90' lang='lat' dir='ltr'><strong>sere</strong></span> <span class='ocrx_word' id='word_1_407' title='bbox 968 3367 1080 3431; x_wconf 85' lang='lat' dir='ltr'><strong>repperit.</strong></span> <span class='ocrx_word' id='word_1_408' title='bbox 1108 3370 1185 3431; x_wconf 88' lang='lat' dir='ltr'><strong>Quod</strong></span> <span class='ocrx_word' id='word_1_409' title='bbox 1203 3385 1248 3433; x_wconf 84' lang='lat' dir='ltr'><strong>per</strong></span> 
     </span>
     <span class='ocr_line' id='line_1_38' title="bbox 126 3448 1246 3516; baseline 0.009 -21"><span class='ocrx_word' id='word_1_410' title='bbox 126 3448 222 3510; x_wconf 85' lang='lat' dir='ltr'><strong>patrius</strong></span> <span class='ocrx_word' id='word_1_411' title='bbox 237 3450 285 3508; x_wconf 90' lang='lat' dir='ltr'><strong>ait,</strong></span> <span class='ocrx_word' id='word_1_412' title='bbox 307 3451 390 3500; x_wconf 83' lang='lat' dir='ltr'><strong>verbis</strong></span> <span class='ocrx_word' id='word_1_413' title='bbox 406 3451 518 3514; x_wconf 86' lang='lat' dir='ltr'><strong>explicat</strong></span> <span class='ocrx_word' id='word_1_414' title='bbox 534 3453 668 3514; x_wconf 82' lang='lat' dir='ltr'><strong>proximis,</strong></span> <span class='ocrx_word' id='word_1_415' title='bbox 689 3455 715 3502; x_wconf 91' lang='lat' dir='ltr'><strong>in</strong></span> <span class='ocrx_word' id='word_1_416' title='bbox 734 3453 824 3516; x_wconf 90' lang='lat' dir='ltr'><strong>quibus</strong></span> <span class='ocrx_word' id='word_1_417' title='bbox 841 3467 921 3515; x_wconf 89' lang='lat' dir='ltr'><strong>aeque</strong></span> <span class='ocrx_word' id='word_1_418' title='bbox 937 3452 1012 3502; x_wconf 89' lang='lat' dir='ltr'><strong>nihili</strong></span> <span class='ocrx_word' id='word_1_419' title='bbox 1029 3452 1140 3503; x_wconf 83' lang='lat' dir='ltr'><strong>fuerunt</strong></span> <span class='ocrx_word' id='word_1_420' title='bbox 1172 3455 1246 3513; x_wconf 79' lang='lat' dir='ltr'><strong>uam,</strong></span> 
     </span>
     <span class='ocr_line' id='line_1_39' title="bbox 128 3530 1247 3599; baseline 0.004 -21"><span class='ocrx_word' id='word_1_421' title='bbox 128 3530 214 3593; x_wconf 87' lang='lat' dir='ltr'><strong>quide</strong></span> <span class='ocrx_word' id='word_1_422' title='bbox 231 3548 322 3581; x_wconf 88' lang='lat' dir='ltr'><strong>nummo</strong></span> <span class='ocrx_word' id='word_1_423' title='bbox 338 3532 437 3594; x_wconf 86' lang='lat' dir='ltr'><strong>iudicet,</strong></span> <span class='ocrx_word' id='word_1_424' title='bbox 458 3535 567 3598; x_wconf 86' lang='lat' dir='ltr'><strong>Aquaeo</strong></span> <span class='ocrx_word' id='word_1_425' title='bbox 584 3544 622 3585; x_wconf 89' lang='lat' dir='ltr'><strong>est</strong></span> <span class='ocrx_word' id='word_1_426' title='bbox 638 3538 763 3597; x_wconf 91' lang='lat' dir='ltr'><strong>medicus,</strong></span> <span class='ocrx_word' id='word_1_427' title='bbox 785 3537 829 3599; x_wconf 92' lang='lat' dir='ltr'><strong>qui</strong></span> <span class='ocrx_word' id='word_1_428' title='bbox 850 3538 932 3586; x_wconf 89' lang='lat' dir='ltr'><strong>soleat</strong></span> <span class='ocrx_word' id='word_1_429' title='bbox 951 3538 1042 3586; x_wconf 87' lang='lat' dir='ltr'><strong>arcessi</strong></span> <span class='ocrx_word' id='word_1_430' title='bbox 1062 3553 1078 3585; x_wconf 94' lang='lat' dir='ltr'><strong>a</strong></span> <span class='ocrx_word' id='word_1_431' title='bbox 1098 3537 1247 3586; x_wconf 88' lang='lat' dir='ltr'><strong>distantibus</strong></span> 
     </span>
     <span class='ocr_line' id='line_1_40' title="bbox 128 3617 1247 3682; baseline 0.003 -19"><span class='ocrx_word' id='word_1_432' title='bbox 128 3617 237 3664; x_wconf 90' lang='lat' dir='ltr'><strong>multum</strong></span> <span class='ocrx_word' id='word_1_433' title='bbox 252 3618 412 3678; x_wconf 83' lang='lat' dir='ltr'><strong>regionibns,</strong></span> <span class='ocrx_word' id='word_1_434' title='bbox 432 3626 461 3667; x_wconf 93' lang='lat' dir='ltr'><strong>ut</strong></span> <span class='ocrx_word' id='word_1_435' title='bbox 477 3620 516 3668; x_wconf 89' lang='lat' dir='ltr'><strong>ius</strong></span> <span class='ocrx_word' id='word_1_436' title='bbox 533 3621 600 3668; x_wconf 89' lang='lat' dir='ltr'><strong>dicat</strong></span> <span class='ocrx_word' id='word_1_437' title='bbox 617 3621 648 3668; x_wconf 92' lang='lat' dir='ltr'><strong>de</strong></span> <span class='ocrx_word' id='word_1_438' title='bbox 663 3621 787 3681; x_wconf 89' lang='lat' dir='ltr'><strong>nummis,</strong></span> <span class='ocrx_word' id='word_1_439' title='bbox 808 3635 871 3682; x_wconf 91' lang='lat' dir='ltr'><strong>qnos</strong></span> <span class='ocrx_word' id='word_1_440' title='bbox 888 3622 920 3670; x_wconf 91' lang='lat' dir='ltr'><strong>ab</strong></span> <span class='ocrx_word' id='word_1_441' title='bbox 937 3622 1020 3682; x_wconf 85' lang='lat' dir='ltr'><strong>aegris</strong></span> <span class='ocrx_word' id='word_1_442' title='bbox 1042 3627 1189 3681; x_wconf 81' lang='lat' dir='ltr'><strong>extorquet3</strong></span> <span class='ocrx_word' id='word_1_443' title='bbox 1216 3621 1247 3668; x_wconf 92' lang='lat' dir='ltr'><strong>de</strong></span> 
     </span>
     <span class='ocr_line' id='line_1_41' title="bbox 127 3698 1246 3763; baseline 0.001 -16"><span class='ocrx_word' id='word_1_444' title='bbox 127 3701 236 3749; x_wconf 92' lang='lat' dir='ltr'><strong>nummis</strong></span> <span class='ocrx_word' id='word_1_445' title='bbox 256 3715 301 3763; x_wconf 90' lang='lat' dir='ltr'><strong>per</strong></span> <span class='ocrx_word' id='word_1_446' title='bbox 321 3702 431 3750; x_wconf 83' lang='grc'><strong>1161116111</strong></span> <span class='ocrx_word' id='word_1_447' title='bbox 452 3703 511 3762; x_wconf 89' lang='lat' dir='ltr'><strong>dici,</strong></span> <span class='ocrx_word' id='word_1_448' title='bbox 536 3718 590 3752; x_wconf 90' lang='lat' dir='ltr'><strong>non</strong></span> <span class='ocrx_word' id='word_1_449' title='bbox 612 3704 643 3751; x_wconf 88' lang='lat' dir='ltr'><strong>de</strong></span> <span class='ocrx_word' id='word_1_450' title='bbox 664 3703 780 3752; x_wconf 91' lang='lat' dir='ltr'><strong>sanitate.</strong></span> <span class='ocrx_word' id='word_1_451' title='bbox 816 3705 948 3754; x_wconf 89' lang='lat' dir='ltr'><strong>Pintiauus</strong></span> <span class='ocrx_word' id='word_1_452' title='bbox 969 3703 1045 3752; x_wconf 90' lang='lat' dir='ltr'><strong>scribi</strong></span> <span class='ocrx_word' id='word_1_453' title='bbox 1069 3703 1160 3750; x_wconf 88' lang='lat' dir='ltr'><strong>suadet</strong></span> <span class='ocrx_word' id='word_1_454' title='bbox 1183 3698 1246 3749; x_wconf 83' lang='lat' dir='ltr'><strong>indi-</strong></span> 
     </span>
     <span class='ocr_line' id='line_1_42' title="bbox 127 3781 1246 3850; baseline 0 -18"><span class='ocrx_word' id='word_1_455' title='bbox 127 3800 171 3843; x_wconf 83' lang='lat' dir='ltr'><strong>ces,</strong></span> <span class='ocrx_word' id='word_1_456' title='bbox 188 3792 217 3833; x_wconf 90' lang='lat' dir='ltr'><strong>ut</strong></span> <span class='ocrx_word' id='word_1_457' title='bbox 231 3781 308 3832; x_wconf 75' lang='lat' dir='ltr'><strong>Index</strong></span> <span class='ocrx_word' id='word_1_458' title='bbox 324 3784 396 3847; x_wconf 84' lang='lat' dir='ltr'><strong>lapis.</strong></span> <span class='ocrx_word' id='word_1_459' title='bbox 423 3787 604 3850; x_wconf 89' lang='lat' dir='ltr'><strong>Dalecampius</strong></span> <span class='ocrx_word' id='word_1_460' title='bbox 623 3785 743 3848; x_wconf 82' lang='lat' dir='ltr'><strong>intelligit</strong></span> <span class='ocrx_word' id='word_1_461' title='bbox 763 3788 879 3836; x_wconf 89' lang='lat' dir='ltr'><strong>tribunos</strong></span> <span class='ocrx_word' id='word_1_462' title='bbox 896 3787 961 3835; x_wconf 89' lang='lat' dir='ltr'><strong>aeris</strong></span> <span class='ocrx_word' id='word_1_463' title='bbox 981 3798 1032 3833; x_wconf 90' lang='lat' dir='ltr'><strong>non</strong></span> <span class='ocrx_word' id='word_1_464' title='bbox 1053 3791 1146 3833; x_wconf 88' lang='lat' dir='ltr'><strong>temere</strong></span> <span class='ocrx_word' id='word_1_465' title='bbox 1167 3787 1246 3833; x_wconf 87' lang='lat' dir='ltr'><strong>creari</strong></span> 
     </span>
     <span class='ocr_line' id='line_1_43' title="bbox 128 3867 1245 3933; baseline -0.002 -16"><span class='ocrx_word' id='word_1_466' title='bbox 128 3878 152 3917; x_wconf 91' lang='lat' dir='ltr'><strong>et</strong></span> <span class='ocrx_word' id='word_1_467' title='bbox 163 3868 222 3930; x_wconf 84' lang='lat' dir='ltr'><strong>legi,</strong></span> <span class='ocrx_word' id='word_1_468' title='bbox 238 3870 283 3916; x_wconf 95' lang='grc'><strong>6611</strong></span> <span class='ocrx_word' id='word_1_469' title='bbox 299 3882 393 3929; x_wconf 83' lang='lat' dir='ltr'><strong>magna</strong></span> <span class='ocrx_word' id='word_1_470' title='bbox 409 3883 467 3917; x_wconf 91' lang='lat' dir='ltr'><strong>cum</strong></span> <span class='ocrx_word' id='word_1_471' title='bbox 483 3870 616 3932; x_wconf 83' lang='lat' dir='ltr'><strong>diligentia</strong></span> <span class='ocrx_word' id='word_1_472' title='bbox 633 3878 658 3918; x_wconf 89' lang='lat' dir='ltr'><strong>et</strong></span> <span class='ocrx_word' id='word_1_473' title='bbox 673 3870 775 3931; x_wconf 90' lang='lat' dir='ltr'><strong>iudicio,</strong></span> <span class='ocrx_word' id='word_1_474' title='bbox 792 3879 820 3919; x_wconf 89' lang='lat' dir='ltr'><strong>ut</strong></span> <span class='ocrx_word' id='word_1_475' title='bbox 835 3870 918 3933; x_wconf 89' lang='lat' dir='ltr'><strong>potius</strong></span> <span class='ocrx_word' id='word_1_476' title='bbox 929 3885 945 3918; x_wconf 93' lang='lat' dir='ltr'><strong>a</strong></span> <span class='ocrx_word' id='word_1_477' title='bbox 957 3867 1070 3918; x_wconf 83' lang='lat' dir='ltr'><strong>Gadibus</strong></span> <span class='ocrx_word' id='word_1_478' title='bbox 1082 3876 1108 3917; x_wconf 92' lang='lat' dir='ltr'><strong>et</strong></span> <span class='ocrx_word' id='word_1_479' title='bbox 1120 3868 1245 3916; x_wconf 89' lang='lat' dir='ltr'><strong>columnis</strong></span> 
     </span>
     <span class='ocr_line' id='line_1_44' title="bbox 126 3950 1245 4022; baseline -0.002 -22"><span class='ocrx_word' id='word_1_480' title='bbox 126 3951 253 4010; x_wconf 90' lang='lat' dir='ltr'><strong>Herculis,</strong></span> <span class='ocrx_word' id='word_1_481' title='bbox 266 3952 318 4000; x_wconf 85' lang='lat' dir='ltr'><strong>sive</strong></span> <span class='ocrx_word' id='word_1_482' title='bbox 329 3952 362 3999; x_wconf 89' lang='lat' dir='ltr'><strong>ab</strong></span> <span class='ocrx_word' id='word_1_483' title='bbox 374 3950 469 4001; x_wconf 93' lang='lat' dir='ltr'><strong>ultimis</strong></span> <span class='ocrx_word' id='word_1_484' title='bbox 481 3962 562 4002; x_wconf 88' lang='grc'><strong>161166</strong></span> <span class='ocrx_word' id='word_1_485' title='bbox 573 3954 664 4003; x_wconf 84' lang='lat' dir='ltr'><strong>linibus</strong></span> <span class='ocrx_word' id='word_1_486' title='bbox 676 3962 844 4013; x_wconf 88' lang='lat' dir='ltr'><strong>arcessautur,</strong></span> <span class='ocrx_word' id='word_1_487' title='bbox 855 3954 886 4000; x_wconf 91' lang='lat' dir='ltr'><strong>de</strong></span> <span class='ocrx_word' id='word_1_488' title='bbox 898 3967 948 4022; x_wconf 87' lang='lat' dir='ltr'><strong>quo</strong></span> <span class='ocrx_word' id='word_1_489' title='bbox 959 3951 1093 4001; x_wconf 82' lang='lat' dir='ltr'><strong>ridendum</strong></span> <span class='ocrx_word' id='word_1_490' title='bbox 1103 3951 1245 4000; x_wconf 82' lang='lat' dir='ltr'><strong>Ascanium</strong></span> 
     </span>
     <span class='ocr_line' id='line_1_45' title="bbox 126 4035 1244 4100; baseline 0.002 -18"><span class='ocrx_word' id='word_1_491' title='bbox 126 4035 277 4084; x_wconf 89' lang='lat' dir='ltr'><strong>Pedianum.</strong></span> <span class='ocrx_word' id='word_1_492' title='bbox 306 4035 419 4094; x_wconf 89' lang='lat' dir='ltr'><strong>Quaerat</strong></span> <span class='ocrx_word' id='word_1_493' title='bbox 434 4037 480 4096; x_wconf 92' lang='lat' dir='ltr'><strong>ibi,</strong></span> <span class='ocrx_word' id='word_1_494' title='bbox 501 4039 541 4086; x_wconf 91' lang='lat' dir='ltr'><strong>cui</strong></span> <span class='ocrx_word' id='word_1_495' title='bbox 561 4047 635 4086; x_wconf 86' lang='lat' dir='ltr'><strong>vacat</strong></span> <span class='ocrx_word' id='word_1_496' title='bbox 651 4052 785 4099; x_wconf 88' lang='lat' dir='ltr'><strong>quaerere,</strong></span> <span class='ocrx_word' id='word_1_497' title='bbox 806 4038 874 4100; x_wconf 92' lang='lat' dir='ltr'><strong>quod</strong></span> <span class='ocrx_word' id='word_1_498' title='bbox 890 4050 1018 4098; x_wconf 90' lang='lat' dir='ltr'><strong>nunquam</strong></span> <span class='ocrx_word' id='word_1_499' title='bbox 1036 4042 1074 4084; x_wconf 91' lang='lat' dir='ltr'><strong>est</strong></span> <span class='ocrx_word' id='word_1_500' title='bbox 1089 4035 1244 4084; x_wconf 86' lang='lat' dir='ltr'><strong>inventurus.</strong></span> 
     </span>
     <span class='ocr_line' id='line_1_46' title="bbox 127 4118 1245 4171; baseline -0.001 -5"><span class='ocrx_word' id='word_1_501' title='bbox 127 4118 193 4167; x_wconf 89' lang='lat' dir='ltr'><strong>Nam</strong></span> <span class='ocrx_word' id='word_1_502' title='bbox 211 4120 324 4169; x_wconf 87' lang='lat' dir='ltr'><strong>tribunos</strong></span> <span class='ocrx_word' id='word_1_503' title='bbox 340 4121 452 4170; x_wconf 87' lang='lat' dir='ltr'><strong>aerarios</strong></span> <span class='ocrx_word' id='word_1_504' title='bbox 468 4135 501 4169; x_wconf 84' lang='lat' dir='ltr'><strong>ex</strong></span> <span class='ocrx_word' id='word_1_505' title='bbox 517 4122 576 4170; x_wconf 91' lang='lat' dir='ltr'><strong>albo</strong></span> <span class='ocrx_word' id='word_1_506' title='bbox 594 4122 704 4171; x_wconf 92' lang='lat' dir='ltr'><strong>iudicum</strong></span> <span class='ocrx_word' id='word_1_507' title='bbox 721 4124 773 4171; x_wconf 89' lang='lat' dir='ltr'><strong>iam</strong></span> <span class='ocrx_word' id='word_1_508' title='bbox 788 4129 899 4170; x_wconf 89' lang='lat' dir='ltr'><strong>eraserat</strong></span> <span class='ocrx_word' id='word_1_509' title='bbox 916 4120 1003 4168; x_wconf 89' lang='lat' dir='ltr'><strong>Iulius.</strong></span> <span class='ocrx_word' id='word_1_510' title='bbox 1027 4118 1053 4169; x_wconf 87' lang='lat' dir='ltr'><strong>Si</strong></span> <span class='ocrx_word' id='word_1_511' title='bbox 1070 4133 1155 4168; x_wconf 87' lang='lat' dir='ltr'><strong>verum</strong></span> <span class='ocrx_word' id='word_1_512' title='bbox 1173 4118 1245 4166; x_wconf 85' lang='lat' dir='ltr'><strong>voln-</strong></span> 
     </span>
     <span class='ocr_line' id='line_1_47' title="bbox 127 4202 1245 4268; baseline -0.002 -17"><span class='ocrx_word' id='word_1_513' title='bbox 127 4218 191 4262; x_wconf 89' lang='lat' dir='ltr'><strong>mus,</strong></span> <span class='ocrx_word' id='word_1_514' title='bbox 211 4203 274 4252; x_wconf 92' lang='lat' dir='ltr'><strong>nihil</strong></span> <span class='ocrx_word' id='word_1_515' title='bbox 291 4203 359 4252; x_wconf 86' lang='lat' dir='ltr'><strong>aliud</strong></span> <span class='ocrx_word' id='word_1_516' title='bbox 376 4204 445 4265; x_wconf 90' lang='lat' dir='ltr'><strong>dicit,</strong></span> <span class='ocrx_word' id='word_1_517' title='bbox 460 4219 537 4266; x_wconf 88' lang='lat' dir='ltr'><strong>quam</strong></span> <span class='ocrx_word' id='word_1_518' title='bbox 555 4220 587 4254; x_wconf 89' lang='lat' dir='ltr'><strong>ex</strong></span> <span class='ocrx_word' id='word_1_519' title='bbox 603 4206 748 4268; x_wconf 82' lang='lat' dir='ltr'><strong>longinquis</strong></span> <span class='ocrx_word' id='word_1_520' title='bbox 764 4204 910 4268; x_wconf 85' lang='lat' dir='ltr'><strong>provinciis,</strong></span> <span class='ocrx_word' id='word_1_521' title='bbox 928 4212 1005 4265; x_wconf 87' lang='lat' dir='ltr'><strong>atque</strong></span> <span class='ocrx_word' id='word_1_522' title='bbox 1017 4204 1080 4251; x_wconf 90' lang='lat' dir='ltr'><strong>adeo</strong></span> <span class='ocrx_word' id='word_1_523' title='bbox 1092 4202 1245 4250; x_wconf 90' lang='lat' dir='ltr'><strong>interduma</strong></span> 
     </span>
    </p>
   </div>
   <div class='ocr_carea' id='block_1_3' title="bbox 0 0 1384 4734">
    <p class='ocr_par' dir='ltr' id='par_1_3' title="bbox 0 0 1384 4734">
     <span class='ocr_line' id='line_1_48' title="bbox 0 0 1384 4734; baseline 0 2"><span class='ocrx_word' id='word_1_524' title='bbox 0 0 1384 4734; x_wconf 95' lang='lat' dir='ltr'><strong> </strong></span> 
     </span>
    </p>
   </div>
  </div>
 </body>
</html>
