2760 4734
570 311 815 356 Pnonnoonmns.

522 541 591 592 Libri
609 540 703 591 titulus.

869 1007 1030 1764 lllllillllll

1066 1773 1091 2014 Exterior
1073 1545 1098 1739 margo.

870 1887 1029 2032 lli

872 2154 1030 2169 -..=

872 2222 1029 2236 ——s

871 2289 1028 2306 *¹

871 2357 1028 2372 ——-—.=

872 2424 1028 2438 --—-—·

870 2492 1027 2506 ..n—..1

869 2560 1028 2576 ——0

870 2627 1027 2642 ——u

867 2695 1027 2709 ——u

170 2860 238 2927 Sed
259 2884 432 2950 pergamus
453 2862 486 2926 in
507 2863 629 2946 reliqua
650 2864 876 2948 descriptione.

170 2968 300 3058 Singuli
327 2994 440 3037 versus
468 2972 594 3037 circiter
614 2972 736 3038 vicenis
758 2974 919 3057 quaternis
940 2973 1041 3038 literis
1062 2973 1247 3038 maiusculis

123 3080 323 3160 uncialibus,
350 3104 433 3166 quae
459 3103 592 3166 parvam
619 3081 854 3165 rotundumque
880 3082 1014 3148 formam
1034 3082 1170 3160 babent,
1192 3105 1246 3147 ac-

125 3190 328 3256 curatissime
349 3202 424 3255 sunt
445 3191 582 3267 exarati,
613 3191 697 3256 sicut
723 3190 757 3254 in
778 3191 871 3255 Italia
898 3186 1069 3277 conscripti
1090 3191 1164 3257 libri
1190 3215 1247 3256 ex·

125 3299 239 3365 hibere
266 3301 384 3365 solent:
417 3322 481 3383 qua
509 3299 549 3364 de
579 3321 675 3364 causa
697 3299 855 3378 codicem,
883 3301 923 3365 de
951 3322 1014 3384 quo
1043 3300 1184 3388 agimus,
1213 3301 1247 3365 in

127 3408 226 3473 Italia
257 3409 437 3474 confectum
469 3409 539 3473 iure
572 3408 781 3494 suspicamur.
814 3408 944 3475 Paucae
975 3410 1105 3492 quidem
1137 3410 1247 3475 literae

126 3517 248 3603 ubique
270 3519 423 3583 minorem
441 3519 492 3582 vel
506 3517 717 3583 minusculam
730 3518 864 3582 formam
878 3519 1007 3596 habent,
1027 3542 1143 3604 nempe
1165 3524 1196 3597 d,
1221 3542 1246 3598 c,

125 3628 159 3705 Ιι,
183 3648 221 3711 9,·
248 3653 270 3692 u
292 3650 368 3692 vero
395 3628 447 3692 vel
474 3648 615 3691 consona
641 3629 693 3692 vel
719 3627 838 3692 vocalis
867 3651 932 3692 uno
954 3628 1132 3712 eodemque
1153 3629 1247 3693 modo

128 3735 294 3815 scribitur3
319 3737 346 3801 si
365 3747 472 3801 autem
491 3739 810 3821 numerumquinque
824 3735 954 3814 indicat,
975 3736 1077 3802 forma
1093 3739 1249 3821 quadrata

128 3846 273 3931 praelata
294 3846 429 3910 videtur.
450 3843 563 3909 Litera
580 3849 600 3933 j
620 3845 808 3931 prolongata
829 3845 881 3910 vel
895 3868 1074 3912 consonans
1088 3846 1248 3911 rarissime

76 3963 79 3967 ’
126 3955 283 4033 occurrit,
314 3955 371 4021 sed
399 3977 531 4041 prorsus
558 3977 621 4019 non
649 3953 758 4019 differt
784 3955 825 4019 ab
847 3958 860 4019 i
885 3955 988 4021 vocali
1009 3979 1047 4021 ac
1068 3956 1248 4042 promiscue

127 4064 224 4128 huius
245 4065 314 4130 loco
336 4064 507 4129 adhibetur
528 4087 561 4149 p.
579 4067 650 4142 170,
673 4065 720 4128 15.
748 4065 889 4142 245,17.
919 4066 1049 4140 247,16
1072 4067 1166 4148 (alter
1187 4091 1248 4132 nu·

128 4194 235 4239 merus
257 4175 410 4262 paginam
431 4184 559 4239 nostrae
583 4173 741 4251 editionis,
765 4175 845 4238 alter
865 4173 981 4238 lineam
1003 4174 1151 4262 indicat).
1212 4220 1215 4225 -

1025 4294 1044 4355 2
