2760 4734
1216 282 1251 324 1¹

129 441 257 505 mento
291 431 461 505 effectum
492 442 559 521 est,
592 443 636 506 ut
670 432 761 506 haec
791 434 830 505 in
857 428 1057 506 Germania
1086 431 1253 529 prodiret

131 583 255 657 editio.
291 580 496 657 Nemeum
522 585 584 657 vel
610 585 711 658 omni
742 585 854 658 ullius
885 585 979 657 lucri
1012 609 1077 680 spe
1109 584 1252 659 abiecta

128 736 243 808 huius
278 734 451 811 editionis
486 735 674 832 parandae
709 746 879 833 sumptus
914 761 974 810 me
1008 737 1252 812 toleraturum

129 911 214 961 esse
232 887 517 976 constituissem,
544 911 587 961 eo
606 888 772 978 consilio,
796 900 838 961 ut
856 899 892 960 et
909 888 1150 962 humanitatis
1173 889 1251 961 lite·

128 1064 259 1112 rarum
285 1037 487 1111 commodis
515 1039 692 1113 servirem
710 1048 747 1111 et
768 1038 932 1113 debitam
950 1035 1170 1113 Germaniae
1187 1065 1252 1115 no·

130 1199 231 1262 strae
258 1188 407 1261 laudem
433 1214 630 1281 servarem,
662 1216 739 1262 non
773 1192 917 1264 faustus
945 1203 1069 1264 tamen
1097 1190 1252 1265 consilio

129 1339 388 1438 respondisset
420 1352 593 1431 eventus,
629 1342 702 1414 nisi
732 1342 817 1415 illos
850 1368 943 1438 quos
975 1343 1054 1415 dixi
1084 1343 1252 1415 homines

131 1493 256 1590 operis
284 1492 471 1566 adiutores
498 1493 722 1566 habuissem.
750 1492 894 1567 Horum
916 1495 1015 1568 enim
1034 1493 1253 1592 splendidis·

131 1644 228 1716 sima
254 1655 291 1716 et
316 1669 382 1741 per
410 1645 536 1717 orbem
562 1645 750 1717 literatum
780 1646 1069 1719 celebratissima
1103 1646 1255 1718 nomina

130 1820 215 1868 eam
231 1821 351 1868 novae
370 1795 522 1869 editioni
541 1797 741 1869 effecerunt
767 1799 1082 1894 exspectationem
1099 1823 1253 1894 eamque

131 1947 425 2019 conciliaverunt
452 1947 819 2040 commendationem,
846 1961 888 2022 ut
913 1952 974 2022 vel
1000 1975 1044 2022 eo
1064 1950 1146 2047 ipso
1163 1962 1252 2023 tem·

129 2124 238 2196 pore,
274 2098 373 2195 quod
403 2109 480 2170 tam
511 2122 635 2171 rerum
666 2099 899 2195 publicarum
931 2100 1252 2192 administrationi,

131 2277 244 2346 quam
270 2252 403 2347 quietis
428 2250 619 2323 Musarum
647 2252 777 2323 castris
810 2252 1065 2324 calamitosum
1092 2277 1172 2324 esse
1200 2255 1252 2326 vi-

100 2403 308 2492 debatur,
343 2428 419 2475 non
456 2401 627 2474 deessent
662 2403 725 2498 qui
756 2402 955 2475 editionem
988 2428 1026 2476 se
1062 2415 1252 2502 empturos

132 2579 215 2627 esse
240 2555 513 2652 profiterentur.
546 2552 615 2626 His
642 2554 756 2650 igitur
782 2555 872 2627 viris
897 2553 1051 2627 debetur
1079 2557 1253 2652 quicquid

129 2709 274 2779 fructus
289 2731 336 2778 ex
349 2707 419 2778 hac
433 2704 532 2776 Plini
550 2705 710 2778 editione
730 2704 777 2778 ad
796 2707 954 2803 optimas
972 2707 1098 2780 literas
1118 2707 1251 2780 redun-

131 2857 282 2930 davisse
309 2844 527 2930 censebitur.

183 3007 251 3080 His
277 3010 331 3080 ita
356 3009 536 3105 expositis
562 3034 679 3080 unum
704 3010 794 3080 mihi
818 3021 988 3108 superest
1004 3012 1153 3108 pietatis
1173 3012 1250 3082 offi-

128 3161 247 3251 cium,
279 3161 338 3232 cui
364 3162 580 3258 priusquam
607 3161 836 3252 satisfecero,
871 3163 941 3234 hac
976 3162 1161 3236 scribendi
1188 3172 1252 3235 aut

128 3314 409 3410 opportunitate
446 3323 509 3384 aut
539 3314 759 3385 necessitate
790 3340 865 3387 non
901 3327 1000 3387 recte
1035 3340 1125 3387 usus
1161 3314 1252 3385 mihi

125 3463 297 3537 videbor.
334 3461 481 3537 Scilicet
506 3466 645 3560 paucis,
681 3464 728 3537 ad
756 3491 850 3561 quae
880 3492 984 3539 meus
1010 3491 1070 3539 me
1096 3467 1253 3562 impellit

80 3606 85 3612 ¹
128 3617 290 3706 animus,
324 3616 369 3690 de
395 3617 478 3713 ipso
505 3611 646 3713 Sitttpto
675 3617 873 3689 dicendum
900 3629 965 3690 est.
1004 3615 1077 3705 Qui
1103 3616 1252 3714 quidem

127 3768 224 3864 quid
253 3768 323 3840 hac
358 3770 518 3841 editione
545 3766 644 3838 Plini
680 3768 907 3859 adornanda,
942 3772 981 3841 in
1013 3754 1086 3865 qua
1116 3770 1254 3841 bonam

125 3921 231 3993 vitae
257 3932 401 4017 partem
428 3922 667 4016 consumpsit,
694 3947 781 3994 vere
803 3922 1038 4017 praestiterit,
1066 3930 1101 3992 et
1127 3923 1252 3994 nescio

125 4070 303 4168 equidem
331 4083 377 4160 et,
405 4074 436 4142 si
463 4074 523 4145 vel
549 4074 709 4144 maxime
729 4075 871 4162 scirem,
898 4097 956 4143 me
978 4073 1132 4143 tacitum
1149 4097 1251 4168 prae-

123 4224 242 4296 terire
271 4223 434 4312 decerem
463 4235 501 4295 at
518 4225 588 4296 hoc
608 4225 737 4295 saltem
756 4225 888 4320 quibus
907 4248 1060 4319 possum
1078 4223 1251 4296 laudibus
