2760 4734
507 282 611 326 110111
626 282 671 324 An
685 284 768 326 11111.
782 285 865 325 xxn.
1203 262 1244 328 35

166 432 217 495 [92,
232 432 275 495 72]
300 431 380 482 Simus
398 429 490 495 lapides
505 447 584 480 renum
601 431 626 480 in
638 432 692 481 nino
704 431 798 482 directa
809 441 948 496 atquepater
959 431 1050 494 eximit]
1069 434 1145 485 Voss.
1162 432 1246 483 Timon

130 515 221 579 lapides
234 516 324 564 renium
337 516 362 563 in
375 516 427 564 vino
439 515 534 564 decocta
544 524 646 579 potoque
659 516 735 565 eximi.
759 516 842 565 Timon
854 517 954 579 quidem
967 517 1110 577 etormet,
1123 518 1169 569 1111
1181 517 1245 567 indi-

130 600 201 649 culus
219 600 370 661 compluries
387 597 508 648 Planiam
528 597 661 662 physicum,
684 597 788 659 Simum,
809 598 960 648 Timaristum
977 601 1101 650 nominet:
1125 607 1151 649 11
1167 598 1247 651 Simos

132 681 191 731 Cous
204 683 321 733 Straboni
342 683 451 745 agnitus.
478 682 529 733 Sed
549 682 618 731 haud
634 684 709 732 dubie
724 692 821 732 rectum
839 681 922 744 enimi,
945 685 1014 745 quod
1028 691 1115 733 nostro
1132 685 1245 734 debetur:

129 768 277 829 intelligitur
298 768 364 815 enim
385 780 419 814 ex
438 766 610 828 superioribus
627 764 708 815 radice
729 765 794 814 dicit.
822 768 903 816 Aesd.
928 766 993 816 Gud.
1011 769 1113 830 Mensp.
1131 765 1246 817 Halinon

129 848 222 912 lapides
233 849 331 898 renium.
349 850 482 911 Audegav.
499 848 582 898 Timon
595 847 686 912 lapides
698 849 796 909 renium,
809 858 855 898 eto.
868 848 984 899 eximitur.

164 930 226 994 [iu]
253 933 413 995 Hippocrates
429 948 505 980 semen
522 932 570 980 eius
586 931 621 980 ad
637 931 746 996 impetus]
773 934 927 996 Praecipuus
946 941 975 982 ut
992 933 1134 984 orchites.
1152 932 1247 995 Hippo·

129 1024 205 1064 crates
222 1015 307 1063 somine
325 1014 359 1062 ad
375 1015 473 1078 impetus
490 1014 557 1063 lienis
574 1014 631 1064 dari
647 1024 729 1065 censet.
757 1016 845 1067 Genus
864 1017 994 1079 loquendi,
1012 1017 1091 1079 ‚quale
1111 1017 1161 1069 hoa
1180 1016 1246 1065 libro

129 1115 183 1162 cup.
199 1105 237 1148 13.
255 1100 407 1148 notavimus.
426 1099 469 1147 lib.
484 1104 524 1158 29,
540 1103 552 1148 7
567 1096 620 1159 [64,
636 1096 710 1159 128]1
731 1096 788 1146 Cum
800 1097 867 1146 melle
876 1098 949 1161 soliis
965 1099 1029 1148 ceria
1039 1107 1156 1149 sonantur
1168 1097 1248 1162 [apud

128 1182 210 1244 Sillig.
227 1183 330 1244 legitur:
357 1179 456 1242 sanant]
474 1189 497 1230 et
511 1181 579 1229 sanis
596 1197 694 1231 morsus.
722 1183 764 1232 Sis
780 1184 892 1245 quinque
908 1183 1001 1246 scripti,
1023 1184 1067 1232 nbi
1082 1182 1180 1244 vulgoz'
1196 1197 1247 1230 oum

128 1265 195 1312 melle
207 1265 261 1312 item
278 1272 300 1312 et
307 1263 387 1327 soliis.
406 1264 450 1314 lib.
464 1270 504 1323 24,
518 1269 533 1312 2
547 1262 583 1325 [2,
596 1262 638 1325 6]1
656 1264 730 1314 Lotos
741 1264 820 1315 aluum
832 1265 909 1315 boscis
920 1266 989 1315 sistit.
1008 1269 1097 1316 eodem
1107 1266 1150 1315 lib.
1164 1280 1218 1328 esp.
1232 1269 1247 1313 9

129 1347 183 1409 [38,
195 1347 238 1408 63]
253 1351 284 1396 de
295 1349 380 1397 vitice:
397 1346 433 1395 Er
443 1347 529 1396 senine
541 1347 632 1410 etfolio
644 1347 743 1396 additur
754 1348 780 1396 in
791 1347 940 1411 malagmata
951 1365 1073 1403 nervorum
1084 1356 1107 1403 et
1114 1347 1247 1412 podagrae.

128 1434 172 1482 Sic
183 1433 319 1493 legendum
332 1446 365 1480 ox
378 1431 489 1494 quinque
500 1433 601 1491 nostris,
613 1446 667 1480 non
684 1447 760 1481 semen
772 1440 794 1479 et
803 1431 902 1496 solium.
921 1434 980 1483 dein
992 1433 1111 1496 optimus,
1127 1430 1246 1495 podagra,

127 1532 180 1565 non
194 1513 326 1578 podapras.
348 1518 416 1565 unde
432 1514 540 1565 iacimus
554 1513 687 1578 podagrae.
711 1516 777 1565 libro
796 1520 836 1566 27.
854 1530 909 1579 cap.
924 1521 954 1567 12
973 1515 1025 1578 [91,
1044 1513 1104 1577 114]
1127 1519 1158 1566 de
1174 1517 1247 1579 poly-

128 1601 188 1660 goni
206 1599 350 1661 generibus:
373 1597 467 1647 Semine
482 1596 560 1646 aluum
576 1596 680 1660 solvunt,
702 1597 794 1662 larpius
808 1607 900 1661 sumpto
917 1599 1010 1649 urinam
1026 1598 1095 1649 sient.
1121 1599 1165 1650 sic
1180 1600 1247 1649 idem

129 1683 245 1741 eximius,
259 1683 301 1730 ubi
313 1682 391 1743 vulgo
404 1679 504 1731 Semina
515 1689 541 1730 et
552 1689 653 1744 sumpta.

164 1763 216 1824 [33,
231 1764 273 1827 74]
302 1763 426 1814 Ulceribus
442 1764 537 1814 uetustis
555 1763 617 1815 illini
632 1763 741 1826 mudum]
766 1765 808 1816 Sic
824 1767 926 1828 quidem
942 1776 968 1816 et
978 1768 1056 1817 Voss.
1068 1780 1145 1817 manu
1156 1766 1245 1829 prims,

128 1849 172 1897 sed
188 1849 259 1898 iuxta
277 1856 346 1897 vetus
363 1856 461 1898 mutata
476 1850 549 1898 litera
564 1848 625 1899 lecit
640 1865 742 1910 crurum,
761 1851 976 1912 quemadmodum
986 1852 1062 1913 plane
1074 1856 1182 1912 quatuor
1193 1850 1245 1899 slii.
1260 1906 1263 1913 Ι

100 1983 105 1988 ,
119 1927 182 1981 ⁴Neo
193 1934 275 1993 video,
289 1933 329 1980 eui
342 1933 375 1981 111
386 1933 429 1980 hio
440 1933 498 1982 usui
510 1932 619 1983 cruditus
632 1933 692 1982 ists:
710 1933 767 1993 nisi,
780 1934 840 1996 quie
850 1934 939 1996 paneis
950 1941 1009 1983 11111
1020 1933 1133 1983 versibus
1143 1933 1213 1995 coqui
1221 1933 1246 1980 in

128 2017 190 2064 cibos
201 2017 296 2064 dictum
310 2023 355 2076 est,
368 2016 426 2065 ideo
439 2016 482 2064 hio
493 2014 590 2063 crudum
603 2016 663 2078 poni
675 2017 795 2079 oportuit.

164 2097 223 2159 [36‚
244 2097 287 2159 78]
318 2097 439 2160 Iidemque
459 2097 564 2147 remedia
588 2107 701 2162 tanquam
723 2107 806 2148 eontra
829 2115 937 2149 amenum
957 2098 1125 2163 prodiderunt]
1154 2101 1244 2151 Fortes

128 2181 236 2231 remedio.

163 2264 224 2326 [Ib.]
252 2265 336 2329 Mopis
356 2264 455 2314 accendi
471 2273 560 2329 putant
578 2281 650 2328 quan
668 2263 737 2328 potu]
769 2266 811 2316 Sic
832 2281 932 2330 quoque
953 2266 1019 2317 (iud.
1040 2267 1121 2316 Acsd.
1142 2267 1244 2330 Merop.

127 2349 224 2412 Notnnt
240 2351 266 2398 in
281 2350 402 2412 margine,
421 2365 491 2412 quam
509 2350 558 2399 eius
566 2356 632 2413 potu.
656 2349 767 2410 Quidam
778 2351 918 2411 ediderunt,
933 2365 1003 2412 quam
1016 2349 1083 2400 iuius
1091 2357 1157 2413 potu.
1177 2351 1245 2401 Vos·

127 2435 222 2492 elanus,
241 2448 311 2494 quam
325 2441 416 2496 postea,
432 2434 533 2496 Andeg.
549 2448 620 2496 quam
633 2441 696 2496 pate.
720 2433 790 2496 Lege
807 2448 877 2496 quam
890 2442 998 2497 palaea,
1017 2435 1138 2487 1111011111
1149 2441 1174 2485 11
1185 2435 1244 2485 Pin-

126 2518 218 2565 11111111.

125 2590 128 2593 ’
163 2597 216 2659 [37,
236 2597 278 2659 79]
305 2597 362 2648 Non
375 2598 514 2661 faciteam
535 2595 678 2651 deteriorem.
705 2597 815 2651 &andra
834 2598 934 2663 quaque]
962 2600 1081 2652 Offensus
1101 2601 1141 2650 his
1161 2602 1244 2651 verbis

126 2683 215 2732 Latius
227 2698 278 2731 non
290 2683 391 2732 coniicit
402 2684 487 2743 modo,
505 2684 548 2733 sed
561 2690 586 2731 11
597 2683 670 2732 edere
682 2698 758 2735 sutus
770 2695 815 2745 est,
828 2683 952 2747 nonfaait.
970 2683 1012 2733 Ea
1024 2683 1125 2734 deterior
1134 2682 1242 2733 mandis.
1259 2674 1264 2685 “

127 2781 186 2815 nam
207 2769 276 2828 quod
296 2768 384 2826 editur,
405 2767 498 2828 inquit,
519 2781 621 2816 sensum
641 2770 803 2817 sommodum
823 2783 873 2818 nau
895 2769 983 2819 hauet:
1009 2769 1071 2832 quid
1091 2769 1159 2818 enim
1180 2783 1243 2831 opus

126 2850 227 2909 siccari,
245 2851 264 2898 si
282 2865 371 2900 succus
388 2865 441 2901 non
456 2849 517 2900 lacit
533 2850 701 2900 deteriorem?
729 2850 780 2901 Sed
796 2850 933 2905 1111111111
948 2853 1075 2915 partioula
1090 2852 1202 2914 negandi
1218 2854 1304 2904 11787

126 2933 297 2983 scribendum:
321 2933 363 2995 qui
378 2941 461 2982 canoa
477 2932 617 2995 serpentium
629 2931 689 2981 ictus
697 2933 767 2996 facit
782 2949 833 2983 eam
846 2932 990 2994 deteriorem,
1008 2942 1037 2983 ut
1048 2935 1143 2984 hubent
1155 2949 1243 2984 omnes

126 3017 222 3078 scripti.
244 3017 279 3065 Et
294 3018 379 3079 potuit
393 3017 420 3065 io
435 3031 451 3063 a
464 3017 584 3065 Pintisno
600 3015 705 3064 (1111111.
727 3017 866 3069 Pomanus
883 3017 971 3067 etiem:
990 3014 1110 3066 Siccanda
1125 3023 1202 3064 autent
1217 3015 1242 3063 in

126 3114 153 3144 ea
165 3114 207 3145 usu
217 3098 285 3159 prius
297 3107 337 3146 est.
357 3107 382 3148 11
392 3099 473 3160 magis
484 3099 575 3160 placet.

162 3178 214 3240 [46,
229 3179 272 3242 92]
291 3180 331 3228 At
344 3179 439 3244 coniuge
451 3179 507 3229 dato
519 3177 667 3244 Agrippina]
686 3181 729 3232 sic
740 3180 805 3230 velle
816 3181 879 3231 Mss.
891 3181 1013 3231 vitientur.

162 3263 215 3324 [46,
230 3263 273 3326 93]
297 3264 359 3314 Mor
375 3264 400 3312 in
412 3262 521 3328 pediculo
533 3279 617 3327 carpus
627 3264 766 3327 absumitur,
778 3280 882 3328 raraque
893 3262 1007 3326 unquam]
1031 3264 1090 3329 Opi.
1102 3279 1156 3314 moa
1168 3264 1242 3315 mors·

126 3355 202 3395 scente
213 3349 237 3395 ia
246 3347 351 3411 pediculi
362 3363 452 3411 corpus.
469 3349 495 3398 isl
512 3355 559 3409 est,
575 3349 602 3397 in
618 3349 782 3401 substantiam
801 3350 855 3403 eine
867 3349 1021 3399 convertitur
1031 3348 1077 3399 illa
1088 3349 1241 3401 membrana

126 3432 193 3481 Dein
209 3433 289 3482 Aeol.
306 3448 389 3481 rorum
406 3440 441 3480 est
455 3432 561 3495 pominus
578 3432 678 3496 peminr's
695 3448 724 3481 err
740 3449 786 3482 uno
800 3431 872 3497 pade:
898 3434 1018 3485 Vossisni
1035 3441 1061 3484 et
1077 3434 1142 3487 (iud.
1159 3450 1241 3483 rarum

126 3531 236 3576 unquam.
249 3519 350 3578 Mensp.
364 3531 445 3564 raram
457 3531 469 3562 e
479 3515 586 3578 pumina.
604 3515 688 3577 Leges
701 3531 828 3578 rarumque
837 3516 944 3580 pominus
955 3533 984 3565 err
996 3533 1041 3567 uno
1050 3515 1117 3581 pede.
1135 3518 1242 3567 Baletus

126 3599 242 3659 geminus
254 3613 306 3648 uno
318 3601 383 3662 pede
394 3601 470 3649 nixus
482 3615 566 3649 rerum
578 3600 630 3649 sive
643 3613 756 3651 11111111.

161 3680 272 3743 [41194]
295 3681 345 3730 llus
357 3681 502 3745 pernicialia
516 3698 614 3746 prorsus
631 3680 800 3745 improbando]
823 3685 934 3735 Pintiuui
950 3687 1043 3736 sodex:
1065 3681 1110 3733 illa
1123 3681 1243 3744 permittit

126 3765 178 3814 alia
194 3765 256 3827 quod
267 3765 389 3829 probandi
403 3764 456 3815 alia
467 3764 534 3816 alias.
552 3769 621 3817 unde
632 3766 676 3816 ille
688 3768 772 3829 fingit:
791 3765 836 3815 itta
844 3767 963 3830 pernicies
974 3765 1034 3824 alia,
1051 3763 1115 3827 quod
1121 3763 1243 3827 probandi

125 3847 172 3896 alii
182 3847 253 3898 alias.
270 3850 374 3912 Menop.
386 3848 431 3899 illo
438 3850 553 3912 permisti
562 3848 614 3898 alia
624 3851 688 3899 sicca
700 3849 774 3914 lipari
784 3849 869 3899 claros.
892 3849 972 3899 Aaou.
991 3847 1036 3898 illa
1049 3847 1162 3910 permisti
1176 3845 1241 3896 aiios

125 3931 201 3980 siccas
213 3932 291 3995 ripari
301 3932 387 3982 clauos.
405 3933 471 3984 Gud.
484 3931 529 3981 illa
538 3932 643 3995 permitti
654 3931 713 3994 alia,
729 3932 793 3982 sicca
805 3931 880 3996 lipari
889 3931 974 3981 clavos.
992 3931 1114 3981 Vossieni
1125 3931 1240 3993 princeps

127 4024 152 4065 et
167 4018 300 4080 Andagav.
323 4015 368 4065 illa
383 4016 491 4079 penaitti
506 4015 558 4065 alia
575 4016 638 4080 quari
650 4016 769 4080 probandi
789 4015 848 4065 alia.
874 4017 1011 4066 Fortassis:
1033 4013 1085 4064 Illo
1097 4011 1241 4076 pernicialia

125 4115 187 4160 quae
205 4099 326 4162 probandi
343 4098 414 4150 alea?
441 4101 502 4161 Ille,
523 4116 589 4162 quae
608 4102 703 4152 scilieet
723 4101 818 4161 dicam,
838 4100 985 4164 pernicialia
1006 4115 1082 4164 quum
1102 4098 1241 4164 periculose

1021 4178 1039 4212 1
