2760 4734
180 294 219 354 lll
668 314 809 356 sinonem

179 472 287 522 secutus,
305 463 331 511 in
344 477 394 524 quo
407 472 472 511 esset
483 460 529 510 ΙΙΙ
541 462 626 522 CXX,
646 472 735 513 resurr.
751 463 836 512 centies
848 461 926 520 vicies,
943 462 1133 524 interpretetus
1146 463 1190 512 sit.
1207 465 1242 513 lit
1252 478 1304 526 pro·

179 545 245 595 fecto
257 548 379 607 grandem
391 561 516 595 summurn
530 549 640 609 requirit,
660 551 726 610 quod
739 549 865 610 sequitur:
884 543 934 596 Sed
950 543 993 592 boc
1007 544 1115 607 pretium
1129 544 1197 607 belii,
1213 562 1258 593 nou
1267 544 1303 593 tu

179 627 328 690 ruinis,fuit,·
342 636 389 676 tani
401 627 485 690 hercle,
498 646 568 692 quum
582 629 695 691 libidinis,
708 631 863 693 conformas,
875 629 1017 678 Puezoutem
1029 643 1043 674 e
1055 626 1209 691 spadonibus
1217 628 1304 689 savari,

179 711 287 760 sestertia
303 712 440 776 puerperio,
459 722 576 762 mercante
591 713 616 764 C.
629 714 729 763 Lutorio
740 714 833 764 Prisce.
850 715 891 762 Itu
907 714 973 762 enim
993 711 1148 774 legendum,
1167 728 1228 762 cum
1239 712 1303 763 sitite

179 796 342 846 membranis:
355 795 444 847 IIII).
457 806 573 846 mercante
583 816 599 846 a
608 798 705 849 Sutorio
714 799 746 848 P.
760 797 990 860 Quemadmodum,
1003 798 1047 857 sit,
1061 798 1210 860 quingente
1220 806 1304 848 sester-

179 879 222 940 tio,
241 880 280 928 rel
298 882 436 943 quingenta
453 883 532 931 millia
544 898 684 942 nummum,
698 883 728 933 C.
741 884 846 932 Lutorio
859 882 948 931 Prisco
966 881 1029 931 tanti
1045 890 1182 930 mercante
1194 883 1303 932 Pscson·

180 1062 249 1109 puer.
272 1047 418 1109 Quingenti
435 1050 548 1098 sestertia
563 1051 672 1111 intelligi
690 1050 751 1098 vidit
767 1057 792 1097 et
810 1048 956 1098 Salmasius.
974 1046 1062 1096 Seiani
1082 1056 1175 1096 eutem
1192 1049 1304 1110 intelligo

181 1133 307 1180 confiscati
314 1151 320 1179 z
340 1135 555 1194 quemadmodum
567 1142 592 1182 et
604 1131 690 1181 luctum
702 1132 805 1181 ciuitatis
816 1133 977 1194 interpretor,
995 1146 1053 1179 curn
1066 1130 1088 1179 is
1100 1131 1212 1193 punitus
1224 1130 1304 1187 traxit,

181 1216 334 1279 quicumque
346 1218 430 1266 Tusco
446 1216 576 1267 iuvissent.
593 1217 620 1267 Is
633 1226 687 1267 erut
698 1232 779 1266 annus
792 1217 859 1265 urbis
871 1215 989 1264 conditae
1000 1213 1220 1264 Dccuxxxv.
1238 1213 1304 1264 Coss.

181 1298 303 1348 Memmio
315 1301 423 1363 Regulo,
442 1301 557 1351 Fulcinio
570 1303 673 1362 Trione,
692 1302 735 1363 qui
751 1300 852 1351 'liberio
869 1308 894 1347 et
910 1299 1005 1348 Seisno
1022 1299 1049 1346 iu
1065 1306 1145 1361 parte
1160 1298 1222 1347 enni
1239 1304 1306 1347 eraut

181 1381 286 1431 suffecti.
306 1383 390 1443 Quare
403 1386 500 1448 accipio
513 1386 613 1447 quidem
624 1383 724 1432 Lutorio
732 1383 828 1433 Prisco:
842 1383 885 1432 sed
899 1383 939 1430 hic
952 1397 1004 1431 non
1017 1382 1098 1441 estis,
1114 1396 1195 1443 quem
1203 1380 1306 1431 Tacitus

181 1467 207 1513 in
225 1468 301 1516 tertio
319 1468 448 1517 unnulium
465 1470 575 1517 cornifici
593 1469 732 1517 subiectum
750 1468 844 1528 scribit,
862 1469 931 1529 quod
947 1479 1049 1514 carmen
1062 1460 1306 1528 surreptorum

182 1565 258 1612 uegro
270 1553 463 1613 composuisset,
477 1554 548 1602 etsie
560 1560 665 1602 mortem
679 1552 732 1601 eius
745 1552 870 1601 eminutus
883 1558 956 1599 esset.
974 1549 1006 1597 Id
1017 1548 1086 1598 enim
1098 1550 1229 1598 occidito.
1237 1548 1270 1599 U.
1278 1546 1306 1597 0.

182 1633 376 1684 DCCLXXIII.
389 1635 463 1686 Coss.
476 1638 580 1686 Tiberio
593 1644 618 1685 et
629 1637 724 1685 Druso.
744 1636 870 1686 Gentilem
883 1635 938 1683 eius
955 1647 1119 1696 quocumque
1137 1633 1223 1697 &edu
1233 1632 1307 1683 tutus

183 1718 303 1766 credibile
321 1728 366 1768 est.
384 1720 545 1781 Hermolaus,
564 1718 675 1779 libidinis,
694 1736 740 1767 rien
749 1721 880 1782 fortunae,
899 1733 986 1780 quere,
1003 1731 1057 1765 non
1074 1731 1211 1779 assequor.
1229 1716 1306 1775 Idem,

182 1817 200 1849 a
212 1800 308 1850 Sutorio
320 1802 413 1864 Prisco,
430 1813 457 1852 ut
474 1804 593 1853 Seianum
606 1803 725 1852 videlicet
736 1804 768 1852 ab
781 1805 832 1851 hoc
844 1802 955 1862 Sutorio,
972 1802 1024 1849 sive
1036 1800 1156 1850 Sertorio
1168 1808 1305 1849 mercatum

183 1886 320 1948 intelligas.
340 1887 391 1936 Sed
402 1888 492 1950 obstet,
510 1890 579 1950 quod
591 1888 645 1937 dixi
657 1887 689 1936 de
705 1888 776 1936 luctu
789 1887 910 1936 civitatis:
930 1894 956 1935 et
967 1885 1076 1936 Seianus
1087 1898 1154 1934 suno
1166 1885 1200 1935 ud
1211 1892 1306 1948 tempus

184 1970 264 2020 multo
276 1971 386 2021 maiores
398 1972 501 2022 iniurias
513 1972 644 2022 lucrifecit
663 1969 716 2032 [Ex
728 1969 865 2020 Mis-cellen.
877 1986 902 2033 p.
916 1966 987 2030 Sti]

581 2170 646 2235 AD
669 2168 786 2233 LIBR.
809 2168 903 2233 VIII.

219 2309 283 2360 Cur.
296 2310 317 2359 Ι.
335 2311 387 2358 init.
401 2313 432 2359 de
443 2310 606 2374 Elephantis:
622 2307 759 2359 Intellectus
771 2307 819 2356 illis
830 2306 942 2355 sermonis
952 2305 1037 2370 patrii,
1054 2313 1077 2354 et
1089 2304 1245 2371 imperiorum
1255 2306 1304 2355 obe·

185 2389 282 2453 dieutiu,
292 2392 477 2455 officiorumque,
490 2409 551 2456 quae
564 2390 677 2453 didicere,
689 2389 813 2452 memorio]
829 2392 895 2452 Quid
905 2405 999 2454 quaeso
1009 2391 1059 2439 dici
1068 2399 1156 2454 potest
1165 2390 1306 2455 expressius

185 2484 210 2523 ct
226 2477 384 2537 elegantius?
408 2478 455 2525 Est
471 2477 520 2526 illis
536 2476 686 2539 imperiorum
704 2474 841 2536 obedientia,
864 2476 1013 2538 obsequium
1029 2474 1057 2522 in
1073 2476 1152 2525 rebus
1169 2475 1304 2539 imperetur

184 2558 300 2620 legitima
312 2560 440 2621 patiuntur
452 2560 570 2622 imperis:
583 2560 709 2622 accipiunt
720 2560 788 2608 iussu
801 2564 825 2607 et
837 2567 1017 2621 exsequuntur.
1030 2558 1089 2608 Sive
1098 2556 1305 2609 οὺοᾶἰωῆωιιιι·

184 2639 216 2688 lis
228 2655 284 2689 eum
298 2640 459 2703 chifletiano,
477 2659 493 2691 a
509 2658 559 2705 quo
576 2657 629 2692 nou
640 2643 713 2693 facile
725 2644 905 2692 recedendum:
924 2651 962 2692 est
973 2641 1024 2692 illis
1036 2640 1190 2704 imperiorum
1201 2640 1305 2691 odedi'cr·

187 2722 233 2773 tice
249 2725 368 2787 mercorio,
386 2727 556 2775 meminerunt
571 2728 639 2776 iussu
651 2735 677 2775 et
688 2727 739 2775 illis
751 2728 864 2790 obsequi,
882 2728 1051 2776 meminerunt
1067 2727 1175 2776 obedire
1190 2727 1306 2791 imperiis

185 2813 260 2871 Dein,
278 2818 315 2860 est
327 2811 422 2860 eisdem
434 2810 572 2873 officiorum,
591 2826 651 2873 quae
663 2808 773 2872 didicere,
785 2810 905 2871 mensorio,
924 2812 950 2859 id
962 2818 1008 2872 est,
1021 2825 1170 2874 operarum,
1182 2812 1306 2869 letemur,

185 2896 392 2945 ministeriorum:
411 2910 475 2957 quue
492 2909 575 2957 egere,
593 2903 721 2958 praestare
733 2903 926 2955 consueverunt,
947 2910 998 2957 que
1010 2896 1037 2943 iu
1048 2909 1077 2943 re
1088 2894 1214 2944 inservire
1226 2892 1306 2944 borni-

185 2981 260 3030 nibus
271 2979 350 3028 semel
362 2979 445 3028 edocti
458 2988 524 3038 suut,
537 2979 644 3042 pulchre
656 2978 757 3027 callent.
775 2980 874 3027 Temen
886 2979 951 3027 haec
963 2978 1097 3042 displicent
1110 2977 1251 3029 Sulmssio.
1262 2974 1308 3027 1·-

183 3064 301 3125 periurum
314 3062 453 3121 obedientia,
471 3063 561 3125 inquit,
577 3062 621 3111 rix
637 3070 675 3111 est
690 3063 818 3122 Latinum,
836 3062 929 3111 nedum
941 3063 1097 3111 Pliniuuum.
1114 3061 1178 3124 Ego
1188 3076 1252 3111 vero
1268 3060 1307 3125 qui

185 3148 266 3208 magis
277 3147 303 3194 id
316 3146 419 3196 esser-sm
430 3147 530 3207 Latine,
546 3162 599 3195 non
611 3147 719 3195 invenio.
736 3146 775 3195 At
786 3154 882 3196 veteres
894 3146 961 3207 libri,
979 3147 1022 3208 qui
1039 3145 1150 3195 senioris
1168 3147 1309 3210 scripturus

186 3231 374 3280 retinentissimi
393 3240 459 3291 suut,
483 3230 508 3277 in
519 3230 627 3294 priorum
645 3228 783 3278 obedientie.
803 3230 872 3291 Quid
889 3244 949 3292 ergo
966 3244 999 3279 ex
1017 3228 1041 3276 in
1055 3227 1165 3290 priorum
1183 3229 1271 3279 mitius
1285 3236 1310 3279 et

185 3315 284 3362 minore
297 3330 354 3362 cum
367 3315 489 3363 violentie
500 3315 561 3377 fingi
574 3322 659 3377 potest
671 3328 748 3375 quem
760 3312 925 3376 imperiorum?
943 3316 977 3363 m
994 3313 1120 3362 tamenin
1132 3314 1310 3378 manuscriptis

186 3397 238 3446 suis
249 3398 284 3445 sic
296 3396 390 3445 lectum
402 3398 473 3446 testis
486 3397 615 3448 Gelenius.
634 3397 799 3447 Commodius
812 3397 950 3447 Salmasio:
968 3396 993 3444 iu
1007 3396 1115 3459 priorum
1129 3395 1267 3447 obedientie
1276 3398 1310 3461 os-

178 3478 241 3540 ficii,
257 3495 343 3541 eorum,
354 3496 414 3542 quae
426 3479 530 3529 didicere
541 3479 660 3529 mernoriu.
673 3489 699 3528 et
710 3481 822 3543 explicat
833 3481 884 3532 illis
896 3496 951 3530 esse
961 3482 1120 3530 intellectum
1132 3480 1214 3543 officii
1224 3482 1250 3531 s'rs
1260 3482 1310 3533 obt·

185 3561 275 3611 clientiu
283 3563 400 3626 priorum.
413 3567 480 3627 quod
492 3566 531 3625 sit,
544 3565 658 3613 minores
670 3564 841 3615 obedientium
853 3575 983 3628 praestare
995 3571 1079 3614 eetute
1089 3563 1232 3629 prioribus.
1244 3564 1311 3625 Quid

186 3656 269 3711 potest
281 3662 335 3698 csse
347 3649 494 3698 distortius?
512 3650 592 3697 Posse
604 3656 630 3696 et
641 3648 693 3710 legi
705 3649 740 3697 sit
753 3648 868 3711 ospicium:
886 3658 911 3697 et
928 3649 994 3697 hunc
1009 3647 1213 3711 pulcherrimam
1227 3662 1310 3699 smen-

187 3734 316 3782 dationem
329 3740 405 3781 vocet
416 3735 448 3781 ud
462 3731 541 3781 Solin.
553 3746 579 3794 p.
592 3736 650 3781 305.
668 3731 768 3780 Iudicet
778 3733 867 3782 lector.

213 3816 277 3865 One.
285 3816 359 3865 XVI.
370 3814 423 3877 [l9,
432 3813 475 3876 50]
482 3816 616 3864 deLeonez
626 3812 745 3878 &senens
755 3814 802 3864 teia
811 3814 852 3864 diu
860 3832 885 3864 se
893 3814 942 3864 solo
953 3823 1041 3864 terrore
1053 3822 1138 3875 tuetur,
1149 3832 1181 3865 ae
1190 3815 1314 3881 ueluteoyi

189 3896 299 3959 testatur]
310 3899 435 3949 Sulmusio
445 3901 476 3949 ud
486 3899 602 3949 Solinum
611 3915 636 3962 p.
646 3906 704 3949 326.
715 3916 765 3949 non
774 3902 902 3962 magnoin
913 3916 943 3949 eo
954 3900 1112 3962 generositas
1120 3900 1234 3963 ridetur,
1245 3901 1312 3967 quod

188 3981 241 4045 copi
250 3991 348 4045 potest3
364 3982 446 4032 multo
458 3984 549 4042 minor,
563 3983 630 4044 quod
644 3983 698 4046 copi
707 4000 732 4031 se
745 3991 851 4034 testatur.
865 3994 996 4047 praetereo
1006 3982 1060 4049 copi
1069 3985 1189 4035 obsolute
1200 3987 1312 4050 posituim

188 4068 214 4115 in
227 4082 257 4115 eu
268 4067 462 4130 significatione,
476 4082 542 4130 quae
552 4068 586 4116 ibi
600 4068 761 4129 desideretur,
777 4069 820 4117 vix
831 4069 923 4118 Lutine
935 4069 1047 4133 reperiri.
1064 4074 1153 4117 numm
1165 4078 1257 4120 sutem
1267 4070 1311 4121 sibi

189 4152 390 4200 emendetionem
403 4166 435 4201 ex
448 4153 503 4215 ipso
516 4154 592 4201 ductu
605 4152 746 4202 literumm:
759 4169 788 4200 uc
800 4151 860 4201 uelut
871 4153 960 4217 copitut
970 4159 1064 4201 statum.
1075 4152 1171 4215 Miror,
1181 4154 1247 4217 qnid
1258 4162 1312 4205 ton·

190 4235 247 4282 dom
265 4235 287 4283 ei
304 4235 424 4285 Latinum
442 4236 481 4284 sit.
511 4232 579 4283 Velut
594 4236 647 4299 copi
662 4242 768 4296 testeum,
787 4244 832 4295 est,
857 4236 962 4299 pervide
983 4250 1055 4286 mom
1074 4236 1148 4287 velut
1169 4246 1312 4289 untcstsmr
