2760 4734
170 249 211 312 90
659 267 800 310 eaouovr

204 417 258 481 [⁸⁹⁷
269 416 328 480 139]
345 417 381 467 Et
391 416 445 466 stilo
456 416 558 465 scrihere
569 415 668 465 intutum
679 425 721 479 eet,
733 424 760 465 ut
771 415 933 478 uetustissimi]
948 416 1033 466 Ama
1040 418 1109 466 Meu.
1121 417 1188 468 Gud.
1202 426 1225 467 et
1236 436 1288 469 cam

169 501 223 552 stilo
237 502 337 551 eanhere
350 503 450 553 intutum
465 499 622 550 uetustissimi.
647 502 723 552 Voss„
740 509 762 549 et
779 509 826 550 tum
843 500 897 550 strio
908 501 1008 550 scrihere
1020 499 1118 549 intutum
1129 502 1287 552 amastissimi

168 587 249 649 Lege:
271 584 355 634 Etiam
370 584 427 634 etilo
441 583 541 632 scrihere
556 583 653 633 uetitum
667 584 819 634 uetustissimi
834 593 941 634 numeres
957 582 1122 648 prodiderunt.
1148 586 1246 648 Tangit
1262 596 1289 637 et

170 669 268 719 Iuretus
280 670 313 719 ed
325 669 508 732 Symmachum
519 667 564 718 lib.
576 674 600 718 2.
613 683 652 732 ep.
665 675 706 718 22.
805 709 807 717 ,
1147 731 1150 737 ,

205 750 259 814 [te
273 750 333 814 140]
355 750 392 800 Et
408 759 483 800 tamen
501 750 552 799 vita
568 751 623 814 ipso
640 768 686 800 non
702 750 772 801 desiit
787 751 908 814 honorem]
931 754 1007 803 Voss.
1024 750 1107 813 desrtn
1130 752 1168 801 Ut
1184 753 1289 803 Tacina

169 837 243 886 litut
261 834 298 897 il.
310 834 376 898 init]
394 837 499 886 histem:
515 835 569 886 Nec
584 833 666 884 deant
682 835 841 900 eqentiesimus
857 836 956 899 eumque
972 851 985 883 c
997 834 1066 898 pietro
1076 843 1099 884 et
1107 835 1205 898 pessimi
1214 835 1289 885 serui-

170 919 254 968 tiorum
263 917 365 982 prodem
375 917 439 968 uteo
448 917 508 967 dites
519 916 632 969 tonina.
650 919 716 969 Item
729 917 767 981 [4,
778 917 833 981 11];
847 919 901 970 Nec
913 918 995 970 demat
1006 919 1057 982 ipse
1066 918 1168 982 stipatus
1179 920 1289 980 unum,

170 1001 249 1052 domos
260 1001 385 1066 hortosque
391 1007 538 1065 permutans,
549 1009 680 1065 apparata,
693 1001 793 1063 incessu,
803 1002 907 1071 ercabiis
918 1002 964 1051 aim
973 1002 1089 1066 principis
1100 1001 1230 1067 complecti.
1360 1002 1366 1010 '

206 1083 294 1147 [leid]
316 1085 431 1134 Fra-erem
447 1083 557 1132 Learcho
569 1083 630 1146 filio
645 1085 808 1149 praecipitato
827 1085 966 1135 residentem
981 1084 1209 1149 poenitentiamque]
1232 1087 1290 1138 Hoc

170 1185 187 1219 a
202 1169 310 1219 Gelouio
326 1178 371 1230 est,
390 1184 448 1219 eam
465 1170 601 1219 haberetur
616 1167 752 1217 residentem
766 1169 944 1232 poenitentium,
964 1171 1035 1232 quod
1051 1185 1070 1218 a
1083 1170 1213 1219 Pintieno.
1239 1169 1291 1220 Sed

171 1254 246 1304 Voss.
258 1252 405 1316 poenitentia
421 1268 459 1300 res
467 1252 612 1314 semumque
628 1252 730 1304 miscuit.
753 1254 832 1315 Lego:
852 1268 905 1302 arm
915 1253 1047 1316 exprimere
1057 1251 1125 1302 veliet
1134 1251 1291 1302 Athomnrttie

163 1336 283 1400 furorue,
297 1335 407 1385 Learcho
414 1334 473 1398 filio
486 1336 652 1400 praecipitate,
669 1335 806 1386 residentem
815 1337 970 1400 poenitemia,
986 1348 1028 1386 aes
1036 1338 1181 1401 ferrumque
1190 1336 1290 1386 aaron.

109 1427 158 1474 828
169 1421 349 1483 Academicus,
363 1423 435 1472 Men.
447 1421 514 1473 Gud.
525 1419 660 1470 Learchum
664 1419 748 1483 filiam
756 1420 920 1485 praecipitare
931 1419 1029 1470 manca
1041 1428 1065 1468 et
1074 1418 1199 1470 renidentis
1207 1421 1291 1484 poeni-

172 1501 253 1552 tentia.
274 1505 351 1554 Unde
365 1512 479 1569 apparet,
496 1514 620 1568 qusutum
636 1506 684 1555 sibi
702 1506 754 1554 hoc
765 1506 792 1555 iu
804 1507 926 1568 scriptore
938 1506 1097 1569 permiserint
1108 1505 1210 1555 librarii.
1228 1504 1291 1554 Poe·

170 1587 270 1636 nitentia
286 1596 324 1638 est
338 1597 437 1639 mutato
454 1591 548 1640 auimo.
571 1589 613 1640 Sic
624 1590 757 1639 Phaedrus
775 1589 872 1640 inhio
887 1586 923 1650 [4,
938 1596 978 1651 12,
990 1587 1032 1651 9]:
1049 1589 1143 1640 Sancto
1153 1589 1292 1654 incorrupta

171 1671 227 1720 iuro
241 1670 355 1720 reddebat
361 1671 423 1733 fide.
446 1673 506 1722 Post
521 1689 583 1735 quae
598 1670 680 1721 latore
691 1672 766 1735 coepit
778 1673 931 1736 poenitentia.
953 1673 995 1722 Itu
1005 1675 1072 1724 enim
1084 1675 1149 1724 haec
1160 1675 1293 1725 scribenda

171 1764 197 1806 et
216 1757 399 1820 coniungenda.
425 1757 513 1820 Vulgo
533 1759 585 1807 hoc
603 1758 757 1806 uocabulum
777 1773 868 1820 parum
888 1758 1005 1821 cupiunt:
1028 1773 1083 1807 nau
1102 1759 1170 1807 euim
1191 1765 1291 1808 tentum

172 1842 285 1891 dolorem
297 1855 330 1891 ex
343 1842 415 1902 aeis,
431 1842 476 1892 sed
491 1855 568 1905 saepe
583 1849 709 1891 musetum
721 1841 834 1890 ammam
847 1848 872 1890 et
884 1842 1021 1891 consilium
1031 1844 1188 1904 modumque
1198 1842 1293 1902 agendi

172 1925 324 1975 contrarium
341 1926 473 1988 siguificat.
497 1925 634 1976 Suetonius
651 1925 758 1976 Octavio
777 1922 846 1986 [te]:
869 1940 916 1987 quo
930 1924 1007 1988 mapis
1019 1924 1189 1988 poenitentiam
1201 1923 1292 1987 prioris

171 2016 249 2056 sectae
268 2010 418 2072 approbaret
451 2011 477 2058 id
498 2017 547 2070 est,
568 2025 596 2058 so
617 2009 750 2059 descivisse
769 2009 801 2058 ab
824 2009 880 2058 istis
899 2010 1025 2072 partibus,
1046 2022 1073 2059 se
1095 2010 1173 2066 sliam
1196 2016 1292 2058 sectum

172 2094 251 2156 sequi.
273 2093 367 2142 Noster
377 2095 421 2142 lib.
433 2099 475 2154 et,
488 2099 517 2143 11
537 2090 590 2155 [40‚
605 2090 678 2154 141]:
696 2091 822 2143 Herculem
835 2093 924 2141 tristem
936 2093 1047 2143 insaniae
1054 2091 1206 2158 poenitentia.
1230 2091 1293 2142 Post

172 2192 235 2238 qaae
243 2177 361 2240 frequens
373 2178 473 2227 Tacito.

207 2257 260 2320 [41,
279 2257 339 2322 tta]
365 2260 438 2310 Ferri
453 2259 550 2310 metallo
569 2260 652 2324 abique
666 2259 835 2325 propemodum
854 2260 1016 2325 repremuntur]
1043 2262 1117 2312 Voss.
1133 2262 1203 2312 Meu.
1222 2257 1290 2310 (iud.

172 2343 342 2396 Academicus
362 2360 500 2408 consensu,
520 2344 671 2410 propemodo.
696 2348 730 2396 m
750 2346 904 2396 restituimus
923 2346 1008 2397 Plaut.
1029 2347 1057 2396 in
1075 2346 1145 2396 erin.
1162 2351 1187 2406 3,
1206 2350 1232 2404 3,
1249 2349 1291 2392 50.

174 2425 251 2490 [vers.
265 2433 321 2480 tea.
333 2428 470 2492 Ritsehel]
484 2438 509 2480 et
520 2429 575 2480 Lis.
588 2431 631 2479 lib.
642 2436 686 2491 24,
698 2435 739 2480 20.

207 2511 260 2575 [41,
275 2511 336 2575 144]
357 2513 388 2562 In
404 2513 434 2563 iis
449 2512 542 2577 quidem
559 2513 651 2563 nimicus
660 2514 730 2578 ferri
744 2513 891 2577 meoquitm]
914 2515 997 2565 Aeed.
1012 2513 1115 2578 Menep.
1128 2512 1198 2564 Gruds
1214 2512 1239 2562 in
1255 2512 1293 2562 his

172 2595 264 2660 quidem
272 2598 368 2658 serram
384 2600 521 2660 recoquitur
536 2597 562 2646 in
578 2597 615 2646 his
631 2596 666 2646 od
680 2596 842 2647 indurandam
858 2597 932 2646 aciem
949 2597 1030 2661 aliquo
1046 2595 1114 2646 ruodo
1124 2605 1179 2646 emt
1189 2595 1225 2646 od
1234 2595 1292 2646 deu-

171 2678 271 2730 soudas.
294 2682 370 2731 Voss.
387 2681 414 2729 in
429 2679 568 2744 nucleisque
580 2680 674 2745 quidem
682 2681 753 2744 ferri
767 2683 904 2745 excoquitur
915 2682 941 2731 in
953 2681 989 2731 hie
1000 2680 1036 2730 ad
1046 2679 1205 2731 indaraeidom
1217 2680 1292 2730 aciem

173 2762 343 2826 oiiqmmmedo
354 2763 389 2813 ad
399 2763 543 2814 demandas.
561 2766 639 2815 Unde
650 2765 758 2816 Salmas.
775 2766 800 2814 in
812 2764 930 2829 aliquibus
935 2765 1031 2829 serr-usn
1043 2764 1190 2828 meconion,
1201 2763 1250 2813 nisi
1257 2762 1294 2812 ad

173 2846 331 2897 mandam
348 2848 436 2899 aciem:
453 2847 550 2911 aliquae
565 2847 633 2896 modo
645 2856 699 2897 sant
710 2848 745 2898 od
755 2836 892 2898 demandm
903 2849 998 2899 incudm
1012 2848 1195 2912 malleorumquc
1205 2856 1291 2897 rostru

174 2933 309 2984 Subscribo
325 2933 412 2984 faede:
434 2934 482 2984 uisi
499 2936 570 2997 quod
585 2948 799 3002 nonannoeane,
821 2950 900 2998 quem
916 2935 963 2984 ille
976 2933 1122 2984 Pliuieuem
1137 2933 1293 2984 locutionem

173 3026 262 3080 vocat,
283 3018 332 3070 aiei
345 3034 394 3083 pro
409 3035 455 3067 non
470 3018 522 3068 nisi
545 3019 604 3069 Hoc
620 3033 673 3068 non
689 3020 771 3080 credo,
788 3018 837 3068 nisi
854 3020 929 3068 cerus
946 3019 1072 3082 exemplis
1088 3018 1233 3067 conrincee.
1256 3015 1310 3065 Et'

174 3103 235 3166 qnid
256 3116 351 3164 quaeso
369 3104 507 3167 proclivius
522 3117 599 3165 qnam
615 3117 648 3152 ex
664 3101 689 3150 in
705 3101 741 3151 his
756 3103 840 3153 fecere
856 3117 903 3150 non
919 3101 982 3152 nisi?
1005 3101 1083 3152 heae
1097 3114 1166 3165 quae
1179 3103 1215 3150 ad.
1225 3099 1293 3149 Livii

172 3185 670 3246 111134,16.ῑιιΑᾱόωιᾱῑειιοιεινῑιιιιιιεῚ
1184 3234 1187 3243 ,

208 3267 262 3330 [th
278 3266 336 3330 147]
360 3268 437 3318 Aliud
451 3269 628 3333 apprehendens
636 3270 740 3331 ferrum,
761 3276 787 3317 ut
803 3268 942 3318 annulorum
958 3277 1043 3318 catena
1058 3266 1186 3332 spectem]
1207 3269 1292 3319 heca.

174 3359 217 3399 aut
228 3350 405 3415 apprehendens
412 3354 509 3415 serrum
525 3360 553 3401 at
568 3369 585 3401 a
600 3351 644 3402 coi'
662 3352 760 3401 lechone
769 3361 855 3402 catena
865 3361 990 3418 spectetur.
1014 3353 1083 3404 Gud.
1093 3352 1152 3402 ham
1162 3351 1294 3416 apprehen·

174 3432 331 3498 denefumrm
343 3443 370 3483 ut
380 3451 397 3482 a
406 3434 537 3485 cellectirme
546 3444 594 3485 cat.
602 3444 672 3500 spect.
688 3437 812 3487 Memorat
822 3436 1027 3502 apprehenderes.
1037 3445 1064 3487 ut
1074 3454 1092 3487 o
1102 3435 1234 3486 colludiose
1244 3445 1292 3487 cat.

174 3520 250 3571 Voss.
262 3526 305 3569 aut
315 3518 493 3584 adprehendens
495 3521 601 3584 ferrum,
614 3528 641 3569 ut
651 3519 770 3570 acolorum
782 3531 866 3571 caterm
877 3530 1000 3586 spectetur.
1017 3525 1148 3573 Fortasse:
1162 3519 1224 3572 Sola
1234 3519 1294 3570 haec

174 3605 275 3655 materia
291 3605 352 3654 uires
371 3605 402 3653 ab
424 3620 451 3653 eo
467 3603 547 3668 lapide
564 3605 652 3669 accipit
670 3605 798 3670 retinetque
819 3605 888 3670 leupo
907 3615 1008 3670 tempore
1028 3605 1096 3656 aliud
1115 3603 1294 3669 adprehendens

171 3690 270 3752 serrari,
282 3697 309 3738 ut
319 3689 444 3739 aculonem
455 3696 540 3738 cateno
550 3697 672 3752 spectetur.
693 3691 766 3741 Aeas
782 3692 853 3740 enim
865 3693 961 3743 acubus
978 3692 1052 3755 quasi
1067 3696 1211 3741 neutum.
1233 3689 1294 3739 Piu-

174 3777 257 3826 tienus
273 3790 306 3825 ex
323 3790 370 3826 suo
386 3776 475 3826 codiee
491 3773 573 3835 affert,
590 3774 655 3824 uirus
671 3776 702 3823 ah
718 3791 747 3824 eo
757 3773 845 3839 lapide,
864 3783 890 3825 et
902 3777 995 3826 accinit
1006 3775 1186 3840 pulcherrime.
1208 3772 1293 3822 Immo

173 3875 289 3923 pessime.

209 3940 262 4003 [th
277 3941 336 4004 148]
364 3926 535 4006 Ροννίἀιὲᾳιιε
554 3941 630 4005 imicit
649 3943 731 4004 aciae,
751 3951 778 3992 ut
797 3959 901 4008 maanes.
927 3942 1018 3992 Eodem
1039 3940 1120 4007 lapide
1135 3938 1292 4002 Dinocrates]

173 4027 249 4077 Voss.
272 4027 373 4075 Ferrum
397 4027 476 4090 utique
498 4026 573 4089 irfim't
595 4025 676 4075 cadem
697 4035 723 4074 ut
745 4035 852 4092 nannete
872 4026 953 4092 lapide
977 4026 1128 4078 Timochares
1151 4024 1295 4074 architectum

174 4108 349 4160 Alexandreae.
380 4111 477 4162 Scribe:
500 4113 601 4161 Ferrum
622 4111 701 4174 utique
720 4110 797 4173 irficit
816 4110 900 4160 eadem
918 4112 950 4160 ui.
976 4111 1093 4175 Mapnetc
1114 4107 1197 4173 lapide
1214 4107 1294 4158 Timo-
1320 4123 1321 4126 ’

175 4192 265 4256 chores,
278 4202 334 4258 etc,
353 4197 467 4259 quemvis
480 4197 541 4248 elibi
552 4195 708 4247 Dinocratem
718 4197 838 4261 appellet,
850 4199 881 4247 de
893 4211 944 4260 que
956 4195 1036 4247 Seius.
1047 4197 1080 4246 ed
1089 4194 1170 4248 Solu.
1182 4207 1210 4258 p.
1221 4196 1293 4243 11⁸9.
