<?xml version="1.0" encoding="UTF-8"?>
<!DOCTYPE html PUBLIC "-//W3C//DTD XHTML 1.0 Transitional//EN"
    "http://www.w3.org/TR/xhtml1/DTD/xhtml1-transitional.dtd">
<html xmlns="http://www.w3.org/1999/xhtml" xml:lang="en" lang="en">
 <head>
  <title>
</title>
<meta http-equiv="Content-Type" content="text/html;charset=utf-8" />
  <meta name='ocr-system' content='tesseract 3.04.00' />
  <meta name='ocr-capabilities' content='ocr_page ocr_carea ocr_par ocr_line ocrx_word'/>
</head>
<body>
  <div class='ocr_page' id='page_1' title='image "./cplinisecundina01grongoog_0050.png"; bbox 0 0 2760 4734; ppageno 0'>
   <div class='ocr_carea' id='block_1_1' title="bbox 576 300 1251 355">
    <p class='ocr_par' dir='ltr' id='par_1_1' title="bbox 576 300 1251 355">
     <span class='ocr_line' id='line_1_1' title="bbox 576 300 1251 355; baseline 0.004 -3"><span class='ocrx_word' id='word_1_1' title='bbox 576 311 819 355; x_wconf 74' lang='lat' dir='ltr'><strong>enoassounrts.</strong></span> <span class='ocrx_word' id='word_1_2' title='bbox 903 300 907 310; x_wconf 89' lang='lat'>&#39;</span> <span class='ocrx_word' id='word_1_3' title='bbox 1168 314 1251 355; x_wconf 85' lang='lat' dir='ltr'><strong>xxnr</strong></span> 
     </span>
    </p>
   </div>
   <div class='ocr_carea' id='block_1_2' title="bbox 121 457 1253 2406">
    <p class='ocr_par' dir='ltr' id='par_1_2' title="bbox 121 457 1253 2406">
     <span class='ocr_line' id='line_1_2' title="bbox 173 457 1250 544; baseline 0.002 -22"><span class='ocrx_word' id='word_1_4' title='bbox 173 458 258 523; x_wconf 80' lang='lat' dir='ltr'><strong>Tum</strong></span> <span class='ocrx_word' id='word_1_5' title='bbox 275 480 292 524; x_wconf 92' lang='lat' dir='ltr'><strong>e</strong></span> <span class='ocrx_word' id='word_1_6' title='bbox 310 459 359 522; x_wconf 93' lang='lat' dir='ltr'><strong>sui</strong></span> <span class='ocrx_word' id='word_1_7' title='bbox 379 460 530 544; x_wconf 89' lang='lat' dir='ltr'><strong>temporis</strong></span> <span class='ocrx_word' id='word_1_8' title='bbox 546 480 607 523; x_wconf 90' lang='lat' dir='ltr'><strong>usu</strong></span> <span class='ocrx_word' id='word_1_9' title='bbox 623 457 773 542; x_wconf 90' lang='lat' dir='ltr'><strong>loquendi</strong></span> <span class='ocrx_word' id='word_1_10' title='bbox 790 458 947 523; x_wconf 91' lang='lat' dir='ltr'><strong>desumsit</strong></span> <span class='ocrx_word' id='word_1_11' title='bbox 966 459 1165 543; x_wconf 79' lang='lat' dir='ltr'>antiquarius</span> <span class='ocrx_word' id='word_1_12' title='bbox 1185 461 1250 525; x_wconf 86' lang='lat' dir='ltr'><strong>for·</strong></span> 
     </span>
     <span class='ocr_line' id='line_1_3' title="bbox 129 567 1251 654; baseline 0.003 -23"><span class='ocrx_word' id='word_1_13' title='bbox 129 590 199 632; x_wconf 89' lang='lat' dir='ltr'><strong>mas</strong></span> <span class='ocrx_word' id='word_1_14' title='bbox 215 578 248 633; x_wconf 94' lang='lat' dir='ltr'><strong>et</strong></span> <span class='ocrx_word' id='word_1_15' title='bbox 261 569 396 653; x_wconf 88' lang='lat' dir='ltr'>proinde</span> <span class='ocrx_word' id='word_1_16' title='bbox 412 592 466 634; x_wconf 89' lang='lat' dir='ltr'><strong>eas</strong></span> <span class='ocrx_word' id='word_1_17' title='bbox 480 569 564 634; x_wconf 92' lang='lat' dir='ltr'><strong>inter</strong></span> <span class='ocrx_word' id='word_1_18' title='bbox 578 568 769 633; x_wconf 89' lang='lat' dir='ltr'><strong>vetustiores</strong></span> <span class='ocrx_word' id='word_1_19' title='bbox 783 567 964 654; x_wconf 87' lang='lat' dir='ltr'><strong>promiscue</strong></span> <span class='ocrx_word' id='word_1_20' title='bbox 978 568 1131 646; x_wconf 76' lang='lat' dir='ltr'><strong>exhibuit,</strong></span> <span class='ocrx_word' id='word_1_21' title='bbox 1150 580 1187 634; x_wconf 92' lang='lat' dir='ltr'><strong>ut</strong></span> <span class='ocrx_word' id='word_1_22' title='bbox 1202 569 1251 634; x_wconf 85' lang='lat' dir='ltr'><strong>af-</strong></span> 
     </span>
     <span class='ocr_line' id='line_1_4' title="bbox 128 678 1251 767; baseline 0.001 -25"><span class='ocrx_word' id='word_1_23' title='bbox 128 679 286 744; x_wconf 82' lang='lat' dir='ltr'><strong>feramus:</strong></span> <span class='ocrx_word' id='word_1_24' title='bbox 304 679 488 744; x_wconf 75' lang='grc'><strong>66666666</strong></span> <span class='ocrx_word' id='word_1_25' title='bbox 502 704 534 767; x_wconf 91' lang='lat' dir='ltr'><strong>p.</strong></span> <span class='ocrx_word' id='word_1_26' title='bbox 548 681 620 758; x_wconf 99' lang='grc'><strong>123,</strong></span> <span class='ocrx_word' id='word_1_27' title='bbox 634 682 663 757; x_wconf 93' lang='grc'><strong>1,</strong></span> <span class='ocrx_word' id='word_1_28' title='bbox 676 679 796 767; x_wconf 78' lang='lat' dir='ltr'><strong>Jtpiiaa</strong></span> <span class='ocrx_word' id='word_1_29' title='bbox 810 701 842 764; x_wconf 89' lang='lat' dir='ltr'><strong>p.</strong></span> <span class='ocrx_word' id='word_1_30' title='bbox 859 678 932 755; x_wconf 87' lang='lat'><strong>250,</strong></span> <span class='ocrx_word' id='word_1_31' title='bbox 945 680 997 756; x_wconf 97' lang='lat'><strong>21,</strong></span> <span class='ocrx_word' id='word_1_32' title='bbox 1013 682 1205 744; x_wconf 74' lang='lat' dir='ltr'><strong>monimenta</strong></span> <span class='ocrx_word' id='word_1_33' title='bbox 1219 701 1251 764; x_wconf 91' lang='lat' dir='ltr'><strong>p.</strong></span> 
     </span>
     <span class='ocr_line' id='line_1_5' title="bbox 130 788 1251 876; baseline 0 -24"><span class='ocrx_word' id='word_1_34' title='bbox 130 789 204 865; x_wconf 94' lang='lat'><strong>150,</strong></span> <span class='ocrx_word' id='word_1_35' title='bbox 229 791 281 866; x_wconf 91' lang='lat'><strong>22,</strong></span> <span class='ocrx_word' id='word_1_36' title='bbox 302 812 417 874; x_wconf 79' lang='lat' dir='ltr'><strong>precam</strong></span> <span class='ocrx_word' id='word_1_37' title='bbox 438 813 470 876; x_wconf 92' lang='lat' dir='ltr'><strong>p.</strong></span> <span class='ocrx_word' id='word_1_38' title='bbox 494 791 546 867; x_wconf 87' lang='lat'><strong>45,</strong></span> <span class='ocrx_word' id='word_1_39' title='bbox 571 791 621 866; x_wconf 87' lang='lat'><strong>10,</strong></span> <span class='ocrx_word' id='word_1_40' title='bbox 641 789 788 875; x_wconf 75' lang='lat' dir='ltr'><strong>pisidiam</strong></span> <span class='ocrx_word' id='word_1_41' title='bbox 808 808 842 871; x_wconf 93' lang='lat' dir='ltr'><strong>p.</strong></span> <span class='ocrx_word' id='word_1_42' title='bbox 866 788 937 866; x_wconf 86' lang='lat'><strong>115,</strong></span> <span class='ocrx_word' id='word_1_43' title='bbox 962 792 981 853; x_wconf 99' lang='lat'><strong>7</strong></span> <span class='ocrx_word' id='word_1_44' title='bbox 1004 799 1037 853; x_wconf 90' lang='lat' dir='ltr'><strong>et</strong></span> <span class='ocrx_word' id='word_1_45' title='bbox 1059 790 1198 854; x_wconf 82' lang='lat' dir='ltr'><strong>cnidium</strong></span> <span class='ocrx_word' id='word_1_46' title='bbox 1219 811 1251 874; x_wconf 92' lang='lat' dir='ltr'><strong>p.</strong></span> 
     </span>
     <span class='ocr_line' id='line_1_6' title="bbox 130 896 1252 983; baseline 0 -21"><span class='ocrx_word' id='word_1_47' title='bbox 130 899 203 976; x_wconf 93' lang='grc'><strong>163,</strong></span> <span class='ocrx_word' id='word_1_48' title='bbox 220 900 271 962; x_wconf 89' lang='grc'><strong>24.</strong></span> <span class='ocrx_word' id='word_1_49' title='bbox 293 897 417 964; x_wconf 83' lang='lat' dir='ltr'><strong>Eadem</strong></span> <span class='ocrx_word' id='word_1_50' title='bbox 430 900 552 964; x_wconf 85' lang='lat' dir='ltr'><strong>ratione</strong></span> <span class='ocrx_word' id='word_1_51' title='bbox 571 899 657 963; x_wconf 91' lang='lat' dir='ltr'><strong>idem</strong></span> <span class='ocrx_word' id='word_1_52' title='bbox 678 899 713 963; x_wconf 91' lang='lat' dir='ltr'><strong>in</strong></span> <span class='ocrx_word' id='word_1_53' title='bbox 733 896 1005 983; x_wconf 82' lang='lat' dir='ltr'><strong>praepositionum</strong></span> <span class='ocrx_word' id='word_1_54' title='bbox 1026 897 1252 963; x_wconf 78' lang='lat' dir='ltr'><strong>assimilatione</strong></span> 
     </span>
     <span class='ocr_line' id='line_1_7' title="bbox 130 1006 1252 1094; baseline 0 -22"><span class='ocrx_word' id='word_1_55' title='bbox 130 1008 381 1094; x_wconf 86' lang='lat' dir='ltr'><strong>compositorum</strong></span> <span class='ocrx_word' id='word_1_56' title='bbox 401 1008 573 1074; x_wconf 89' lang='lat' dir='ltr'><strong>verborum</strong></span> <span class='ocrx_word' id='word_1_57' title='bbox 595 1007 657 1073; x_wconf 90' lang='lat' dir='ltr'><strong>sibi</strong></span> <span class='ocrx_word' id='word_1_58' title='bbox 671 1029 735 1072; x_wconf 92' lang='lat' dir='ltr'><strong>non</strong></span> <span class='ocrx_word' id='word_1_59' title='bbox 757 1006 856 1084; x_wconf 90' lang='lat' dir='ltr'><strong>stetit,</strong></span> <span class='ocrx_word' id='word_1_60' title='bbox 881 1007 1039 1091; x_wconf 85' lang='lat' dir='ltr'><strong>siquidem</strong></span> <span class='ocrx_word' id='word_1_61' title='bbox 1058 1008 1252 1092; x_wconf 81' lang='lat' dir='ltr'><strong>antiquiores</strong></span> 
     </span>
     <span class='ocr_line' id='line_1_8' title="bbox 128 1115 1250 1204; baseline -0.001 -22"><span class='ocrx_word' id='word_1_62' title='bbox 128 1140 212 1202; x_wconf 89' lang='lat' dir='ltr'><strong>quae</strong></span> <span class='ocrx_word' id='word_1_63' title='bbox 234 1118 268 1182; x_wconf 89' lang='lat' dir='ltr'><strong>in</strong></span> <span class='ocrx_word' id='word_1_64' title='bbox 290 1117 464 1203; x_wconf 87' lang='lat' dir='ltr'><strong>archetypo</strong></span> <span class='ocrx_word' id='word_1_65' title='bbox 484 1118 587 1184; x_wconf 87' lang='lat' dir='ltr'><strong>lectae</strong></span> <span class='ocrx_word' id='word_1_66' title='bbox 608 1117 718 1204; x_wconf 90' lang='lat' dir='ltr'><strong>procul</strong></span> <span class='ocrx_word' id='word_1_67' title='bbox 749 1115 847 1182; x_wconf 90' lang='lat' dir='ltr'><strong>dubio</strong></span> <span class='ocrx_word' id='word_1_68' title='bbox 873 1118 1003 1182; x_wconf 79' lang='lat' dir='ltr'><strong>firenrnt</strong></span> <span class='ocrx_word' id='word_1_69' title='bbox 1029 1117 1148 1182; x_wconf 84' lang='lat' dir='ltr'><strong>formas</strong></span> <span class='ocrx_word' id='word_1_70' title='bbox 1175 1139 1250 1183; x_wconf 91' lang='lat' dir='ltr'><strong>con-</strong></span> 
     </span>
     <span class='ocr_line' id='line_1_9' title="bbox 128 1226 1252 1312; baseline -0.003 -19"><span class='ocrx_word' id='word_1_71' title='bbox 128 1250 258 1293; x_wconf 89' lang='lat' dir='ltr'><strong>servare</strong></span> <span class='ocrx_word' id='word_1_72' title='bbox 282 1227 414 1293; x_wconf 81' lang='lat' dir='ltr'><strong>studens</strong></span> <span class='ocrx_word' id='word_1_73' title='bbox 436 1227 510 1312; x_wconf 91' lang='lat' dir='ltr'><strong>plus</strong></span> <span class='ocrx_word' id='word_1_74' title='bbox 533 1228 630 1291; x_wconf 91' lang='lat' dir='ltr'><strong>semel</strong></span> <span class='ocrx_word' id='word_1_75' title='bbox 658 1228 753 1291; x_wconf 89' lang='lat' dir='ltr'><strong>etiam</strong></span> <span class='ocrx_word' id='word_1_76' title='bbox 780 1226 970 1291; x_wconf 85' lang='lat' dir='ltr'><strong>recentiores</strong></span> <span class='ocrx_word' id='word_1_77' title='bbox 997 1226 1134 1292; x_wconf 88' lang='lat' dir='ltr'><strong>admisit.</strong></span> <span class='ocrx_word' id='word_1_78' title='bbox 1170 1226 1252 1291; x_wconf 91' lang='lat' dir='ltr'><strong>Inde</strong></span> 
     </span>
     <span class='ocr_line' id='line_1_10' title="bbox 127 1336 1251 1423; baseline 0.002 -23"><span class='ocrx_word' id='word_1_79' title='bbox 127 1336 187 1401; x_wconf 89' lang='lat' dir='ltr'><strong>has</strong></span> <span class='ocrx_word' id='word_1_80' title='bbox 202 1337 322 1402; x_wconf 90' lang='lat' dir='ltr'><strong>formas</strong></span> <span class='ocrx_word' id='word_1_81' title='bbox 336 1337 516 1423; x_wconf 89' lang='lat' dir='ltr'><strong>promiscue</strong></span> <span class='ocrx_word' id='word_1_82' title='bbox 531 1338 650 1423; x_wconf 86' lang='lat' dir='ltr'><strong>positas</strong></span> <span class='ocrx_word' id='word_1_83' title='bbox 664 1337 861 1402; x_wconf 87' lang='lat' dir='ltr'><strong>invenimus:</strong></span> <span class='ocrx_word' id='word_1_84' title='bbox 878 1338 1058 1401; x_wconf 77' lang='lat' dir='ltr'><strong>adtulerunt</strong></span> <span class='ocrx_word' id='word_1_85' title='bbox 1067 1359 1101 1422; x_wconf 95' lang='lat' dir='ltr'><strong>p.</strong></span> <span class='ocrx_word' id='word_1_86' title='bbox 1113 1339 1186 1416; x_wconf 88' lang='grc'><strong>251,</strong></span> <span class='ocrx_word' id='word_1_87' title='bbox 1199 1340 1251 1415; x_wconf 90' lang='grc'><strong>22,</strong></span> 
     </span>
     <span class='ocr_line' id='line_1_11' title="bbox 129 1448 1250 1533; baseline 0.001 -23"><span class='ocrx_word' id='word_1_88' title='bbox 129 1448 302 1511; x_wconf 65' lang='lat' dir='ltr'><strong>enatarunt</strong></span> <span class='ocrx_word' id='word_1_89' title='bbox 328 1469 360 1532; x_wconf 91' lang='lat' dir='ltr'><strong>p.</strong></span> <span class='ocrx_word' id='word_1_90' title='bbox 383 1449 443 1523; x_wconf 91' lang='lat'><strong>48,</strong></span> <span class='ocrx_word' id='word_1_91' title='bbox 467 1448 525 1525; x_wconf 90' lang='grc'><strong>26,</strong></span> <span class='ocrx_word' id='word_1_92' title='bbox 555 1450 696 1533; x_wconf 79' lang='lat' dir='ltr'><strong>adpaata</strong></span> <span class='ocrx_word' id='word_1_93' title='bbox 722 1470 754 1533; x_wconf 94' lang='lat' dir='ltr'><strong>p.</strong></span> <span class='ocrx_word' id='word_1_94' title='bbox 785 1448 841 1525; x_wconf 94' lang='lat'><strong>74,</strong></span> <span class='ocrx_word' id='word_1_95' title='bbox 866 1449 921 1524; x_wconf 91' lang='lat'><strong>18,</strong></span> <span class='ocrx_word' id='word_1_96' title='bbox 952 1449 1190 1532; x_wconf 77' lang='lat' dir='ltr'><strong>apaasccntibas</strong></span> <span class='ocrx_word' id='word_1_97' title='bbox 1217 1470 1250 1532; x_wconf 93' lang='lat' dir='ltr'><strong>p.</strong></span> 
     </span>
     <span class='ocr_line' id='line_1_12' title="bbox 129 1557 1253 1641; baseline -0.003 -19"><span class='ocrx_word' id='word_1_98' title='bbox 129 1559 164 1634; x_wconf 89' lang='lat'><strong>8,</strong></span> <span class='ocrx_word' id='word_1_99' title='bbox 189 1559 246 1635; x_wconf 93' lang='lat'><strong>22,</strong></span> <span class='ocrx_word' id='word_1_100' title='bbox 275 1558 408 1621; x_wconf 85' lang='lat' dir='ltr'><strong>allatam</strong></span> <span class='ocrx_word' id='word_1_101' title='bbox 429 1578 462 1641; x_wconf 93' lang='lat' dir='ltr'><strong>p.</strong></span> <span class='ocrx_word' id='word_1_102' title='bbox 486 1557 543 1632; x_wconf 82' lang='lat'><strong>88,</strong></span> <span class='ocrx_word' id='word_1_103' title='bbox 567 1558 623 1632; x_wconf 91' lang='grc'><strong>14,</strong></span> <span class='ocrx_word' id='word_1_104' title='bbox 650 1559 840 1622; x_wconf 82' lang='lat' dir='ltr'><strong>adsiduitate</strong></span> <span class='ocrx_word' id='word_1_105' title='bbox 862 1578 895 1641; x_wconf 91' lang='lat' dir='ltr'><strong>p.</strong></span> <span class='ocrx_word' id='word_1_106' title='bbox 917 1557 993 1634; x_wconf 93' lang='grc'><strong>100,</strong></span> <span class='ocrx_word' id='word_1_107' title='bbox 1019 1558 1058 1620; x_wconf 94' lang='lat'><strong>17</strong></span> <span class='ocrx_word' id='word_1_108' title='bbox 1067 1604 1076 1634; x_wconf 94' lang='lat'><strong>,</strong></span> <span class='ocrx_word' id='word_1_109' title='bbox 1100 1558 1253 1621; x_wconf 78' lang='lat' dir='ltr'><strong>addicant</strong></span> 
     </span>
     <span class='ocr_line' id='line_1_13' title="bbox 128 1666 1250 1751; baseline 0.001 -22"><span class='ocrx_word' id='word_1_110' title='bbox 128 1666 308 1748; x_wconf 84' lang='lat' dir='ltr'><strong>(abdicant)</strong></span> <span class='ocrx_word' id='word_1_111' title='bbox 334 1689 368 1751; x_wconf 92' lang='lat' dir='ltr'><strong>p.</strong></span> <span class='ocrx_word' id='word_1_112' title='bbox 392 1666 468 1743; x_wconf 82' lang='lat'><strong>188,</strong></span> <span class='ocrx_word' id='word_1_113' title='bbox 492 1668 526 1743; x_wconf 96' lang='grc'><strong>9,</strong></span> <span class='ocrx_word' id='word_1_114' title='bbox 555 1669 685 1751; x_wconf 83' lang='lat' dir='ltr'><strong>adquiri</strong></span> <span class='ocrx_word' id='word_1_115' title='bbox 710 1689 743 1751; x_wconf 92' lang='lat' dir='ltr'><strong>p.</strong></span> <span class='ocrx_word' id='word_1_116' title='bbox 766 1668 843 1743; x_wconf 92' lang='grc'><strong>250,</strong></span> <span class='ocrx_word' id='word_1_117' title='bbox 868 1668 925 1744; x_wconf 90' lang='grc'><strong>14,</strong></span> <span class='ocrx_word' id='word_1_118' title='bbox 954 1669 1189 1731; x_wconf 83' lang='lat' dir='ltr'><strong>accommodato</strong></span> <span class='ocrx_word' id='word_1_119' title='bbox 1217 1688 1250 1751; x_wconf 91' lang='lat' dir='ltr'><strong>p.</strong></span> 
     </span>
     <span class='ocr_line' id='line_1_14' title="bbox 129 1775 1250 1863; baseline 0.002 -26"><span class='ocrx_word' id='word_1_120' title='bbox 129 1775 203 1851; x_wconf 87' lang='lat'><strong>231,</strong></span> <span class='ocrx_word' id='word_1_121' title='bbox 228 1777 279 1853; x_wconf 90' lang='grc'><strong>24,</strong></span> <span class='ocrx_word' id='word_1_122' title='bbox 312 1779 498 1863; x_wconf 83' lang='lat' dir='ltr'><strong>adspersam</strong></span> <span class='ocrx_word' id='word_1_123' title='bbox 526 1797 559 1860; x_wconf 92' lang='lat' dir='ltr'><strong>p.</strong></span> <span class='ocrx_word' id='word_1_124' title='bbox 587 1778 660 1853; x_wconf 90' lang='grc'><strong>238,</strong></span> <span class='ocrx_word' id='word_1_125' title='bbox 684 1776 735 1852; x_wconf 87' lang='grc'><strong>23,</strong></span> <span class='ocrx_word' id='word_1_126' title='bbox 768 1799 931 1861; x_wconf 86' lang='lat' dir='ltr'><strong>aspersam</strong></span> <span class='ocrx_word' id='word_1_127' title='bbox 958 1796 991 1859; x_wconf 92' lang='lat' dir='ltr'><strong>p.</strong></span> <span class='ocrx_word' id='word_1_128' title='bbox 1014 1775 1087 1850; x_wconf 85' lang='lat'><strong>238,</strong></span> <span class='ocrx_word' id='word_1_129' title='bbox 1113 1777 1162 1853; x_wconf 89' lang='grc'><strong>19,</strong></span> <span class='ocrx_word' id='word_1_130' title='bbox 1191 1778 1250 1839; x_wconf 84' lang='lat' dir='ltr'><strong>ad·</strong></span> 
     </span>
     <span class='ocr_line' id='line_1_15' title="bbox 123 1885 1249 1971; baseline 0.003 -24"><span class='ocrx_word' id='word_1_131' title='bbox 123 1887 282 1970; x_wconf 79' lang='lat' dir='ltr'><strong>potentias</strong></span> <span class='ocrx_word' id='word_1_132' title='bbox 311 1907 342 1971; x_wconf 96' lang='lat' dir='ltr'><strong>p.</strong></span> <span class='ocrx_word' id='word_1_133' title='bbox 373 1886 431 1962; x_wconf 90' lang='grc'><strong>95,</strong></span> <span class='ocrx_word' id='word_1_134' title='bbox 461 1885 523 1960; x_wconf 91' lang='grc'><strong>23,</strong></span> <span class='ocrx_word' id='word_1_135' title='bbox 558 1885 726 1971; x_wconf 75' lang='lat' dir='ltr'><strong>apparebit</strong></span> <span class='ocrx_word' id='word_1_136' title='bbox 753 1907 785 1970; x_wconf 91' lang='lat' dir='ltr'><strong>p.</strong></span> <span class='ocrx_word' id='word_1_137' title='bbox 814 1885 896 1963; x_wconf 89' lang='lat'><strong>221,</strong></span> <span class='ocrx_word' id='word_1_138' title='bbox 927 1886 988 1962; x_wconf 90' lang='lat'><strong>18,</strong></span> <span class='ocrx_word' id='word_1_139' title='bbox 1023 1888 1189 1949; x_wconf 77' lang='lat' dir='ltr'><strong>consedere</strong></span> <span class='ocrx_word' id='word_1_140' title='bbox 1217 1906 1249 1969; x_wconf 93' lang='lat' dir='ltr'><strong>p.</strong></span> 
     </span>
     <span class='ocr_line' id='line_1_16' title="bbox 131 1994 1250 2079; baseline 0.001 -22"><span class='ocrx_word' id='word_1_141' title='bbox 131 1994 210 2068; x_wconf 91' lang='grc'><strong>104,</strong></span> <span class='ocrx_word' id='word_1_142' title='bbox 234 1995 288 2068; x_wconf 92' lang='grc'><strong>25,</strong></span> <span class='ocrx_word' id='word_1_143' title='bbox 313 1996 485 2079; x_wconf 75' lang='lat' dir='ltr'><strong>cospissari</strong></span> <span class='ocrx_word' id='word_1_144' title='bbox 504 2017 537 2078; x_wconf 91' lang='lat' dir='ltr'><strong>p.</strong></span> <span class='ocrx_word' id='word_1_145' title='bbox 561 1995 640 2071; x_wconf 93' lang='lat'><strong>157,</strong></span> <span class='ocrx_word' id='word_1_146' title='bbox 663 1996 720 2070; x_wconf 91' lang='grc'><strong>21,</strong></span> <span class='ocrx_word' id='word_1_147' title='bbox 745 1997 933 2059; x_wconf 75' lang='lat' dir='ltr'><strong>conlocandi</strong></span> <span class='ocrx_word' id='word_1_148' title='bbox 953 2015 985 2077; x_wconf 93' lang='lat' dir='ltr'><strong>p.</strong></span> <span class='ocrx_word' id='word_1_149' title='bbox 1008 1995 1080 2069; x_wconf 88' lang='grc'><strong>243,</strong></span> <span class='ocrx_word' id='word_1_150' title='bbox 1103 1997 1154 2070; x_wconf 92' lang='grc'><strong>11,</strong></span> <span class='ocrx_word' id='word_1_151' title='bbox 1185 1996 1250 2058; x_wconf 90' lang='lat' dir='ltr'><strong>col·</strong></span> 
     </span>
     <span class='ocr_line' id='line_1_17' title="bbox 130 2103 1248 2188; baseline 0 -22"><span class='ocrx_word' id='word_1_152' title='bbox 130 2105 241 2166; x_wconf 86' lang='lat' dir='ltr'><strong>lectam</strong></span> <span class='ocrx_word' id='word_1_153' title='bbox 268 2124 300 2187; x_wconf 86' lang='lat' dir='ltr'><strong>p.</strong></span> <span class='ocrx_word' id='word_1_154' title='bbox 329 2103 407 2180; x_wconf 89' lang='grc'><strong>233,</strong></span> <span class='ocrx_word' id='word_1_155' title='bbox 437 2107 470 2178; x_wconf 94' lang='grc'><strong>7,</strong></span> <span class='ocrx_word' id='word_1_156' title='bbox 504 2104 667 2166; x_wconf 79' lang='lat' dir='ltr'><strong>inlustrem</strong></span> <span class='ocrx_word' id='word_1_157' title='bbox 692 2125 725 2188; x_wconf 95' lang='lat' dir='ltr'><strong>p.</strong></span> <span class='ocrx_word' id='word_1_158' title='bbox 755 2104 812 2178; x_wconf 89' lang='grc'><strong>64,</strong></span> <span class='ocrx_word' id='word_1_159' title='bbox 841 2104 897 2180; x_wconf 93' lang='grc'><strong>17,</strong></span> <span class='ocrx_word' id='word_1_160' title='bbox 931 2104 1053 2187; x_wconf 82' lang='lat' dir='ltr'><strong>inplere</strong></span> <span class='ocrx_word' id='word_1_161' title='bbox 1080 2124 1113 2185; x_wconf 92' lang='lat' dir='ltr'><strong>p.</strong></span> <span class='ocrx_word' id='word_1_162' title='bbox 1136 2104 1194 2179; x_wconf 88' lang='grc'><strong>93,</strong></span> <span class='ocrx_word' id='word_1_163' title='bbox 1217 2105 1248 2180; x_wconf 93' lang='grc'><strong>4,</strong></span> 
     </span>
     <span class='ocr_line' id='line_1_18' title="bbox 130 2212 1250 2298; baseline -0.002 -22"><span class='ocrx_word' id='word_1_164' title='bbox 130 2215 269 2296; x_wconf 85' lang='lat' dir='ltr'><strong>imperio</strong></span> <span class='ocrx_word' id='word_1_165' title='bbox 291 2233 324 2296; x_wconf 92' lang='lat' dir='ltr'><strong>p.</strong></span> <span class='ocrx_word' id='word_1_166' title='bbox 348 2212 419 2289; x_wconf 91' lang='grc'><strong>101,</strong></span> <span class='ocrx_word' id='word_1_167' title='bbox 443 2212 494 2288; x_wconf 91' lang='grc'><strong>22,</strong></span> <span class='ocrx_word' id='word_1_168' title='bbox 518 2213 678 2298; x_wconf 72' lang='lat' dir='ltr'><strong>obstrepat</strong></span> <span class='ocrx_word' id='word_1_169' title='bbox 697 2234 729 2296; x_wconf 93' lang='lat' dir='ltr'><strong>p.</strong></span> <span class='ocrx_word' id='word_1_170' title='bbox 751 2213 804 2290; x_wconf 89' lang='lat'><strong>42,</strong></span> <span class='ocrx_word' id='word_1_171' title='bbox 821 2212 851 2289; x_wconf 91' lang='lat'><strong>8,</strong></span> <span class='ocrx_word' id='word_1_172' title='bbox 874 2223 1000 2297; x_wconf 81' lang='lat' dir='ltr'><strong>opstare</strong></span> <span class='ocrx_word' id='word_1_173' title='bbox 1021 2233 1053 2294; x_wconf 93' lang='lat' dir='ltr'><strong>p.</strong></span> <span class='ocrx_word' id='word_1_174' title='bbox 1075 2212 1127 2286; x_wconf 89' lang='lat'><strong>58,</strong></span> <span class='ocrx_word' id='word_1_175' title='bbox 1144 2212 1174 2287; x_wconf 90' lang='grc'><strong>9,</strong></span> <span class='ocrx_word' id='word_1_176' title='bbox 1197 2235 1250 2274; x_wconf 85' lang='lat' dir='ltr'><strong>su-</strong></span> 
     </span>
     <span class='ocr_line' id='line_1_19' title="bbox 121 2321 1249 2406; baseline -0.001 -22"><span class='ocrx_word' id='word_1_177' title='bbox 121 2323 318 2406; x_wconf 86' lang='lat' dir='ltr'><strong>perlectilem</strong></span> <span class='ocrx_word' id='word_1_178' title='bbox 332 2343 365 2404; x_wconf 91' lang='lat' dir='ltr'><strong>p.</strong></span> <span class='ocrx_word' id='word_1_179' title='bbox 381 2323 454 2398; x_wconf 91' lang='lat'><strong>242,</strong></span> <span class='ocrx_word' id='word_1_180' title='bbox 471 2323 521 2399; x_wconf 91' lang='lat'><strong>17,</strong></span> <span class='ocrx_word' id='word_1_181' title='bbox 545 2322 728 2384; x_wconf 77' lang='lat' dir='ltr'><strong>transmittit</strong></span> <span class='ocrx_word' id='word_1_182' title='bbox 742 2342 774 2404; x_wconf 94' lang='lat' dir='ltr'><strong>p.</strong></span> <span class='ocrx_word' id='word_1_183' title='bbox 788 2322 841 2397; x_wconf 88' lang='grc'><strong>49,</strong></span> <span class='ocrx_word' id='word_1_184' title='bbox 858 2322 909 2396; x_wconf 93' lang='grc'><strong>16,</strong></span> <span class='ocrx_word' id='word_1_185' title='bbox 932 2322 1066 2384; x_wconf 85' lang='lat' dir='ltr'><strong>tramitti</strong></span> <span class='ocrx_word' id='word_1_186' title='bbox 1078 2341 1110 2404; x_wconf 91' lang='lat' dir='ltr'><strong>p.</strong></span> <span class='ocrx_word' id='word_1_187' title='bbox 1128 2321 1179 2397; x_wconf 90' lang='lat'><strong>58,</strong></span> <span class='ocrx_word' id='word_1_188' title='bbox 1197 2321 1249 2383; x_wconf 94' lang='lat'><strong>11.</strong></span> 
     </span>
    </p>
   </div>
   <div class='ocr_carea' id='block_1_3' title="bbox 126 2422 1250 2516">
    <p class='ocr_par' dir='ltr' id='par_1_3' title="bbox 126 2422 1250 2516">
     <span class='ocr_line' id='line_1_20' title="bbox 126 2422 1250 2516; baseline 0 -22"><span class='ocrx_word' id='word_1_189' title='bbox 126 2429 284 2494; x_wconf 87' lang='lat' dir='ltr'><strong>Attamen</strong></span> <span class='ocrx_word' id='word_1_190' title='bbox 310 2430 344 2511; x_wconf 87' lang='lat' dir='ltr'><strong>in</strong></span> <span class='ocrx_word' id='word_1_191' title='bbox 371 2422 480 2495; x_wconf 82' lang='lat' dir='ltr'><strong>ve‘rbis</strong></span> <span class='ocrx_word' id='word_1_192' title='bbox 507 2429 692 2515; x_wconf 89' lang='lat' dir='ltr'><strong>compositis</strong></span> <span class='ocrx_word' id='word_1_193' title='bbox 718 2428 797 2494; x_wconf 86' lang='lat' dir='ltr'><strong>haec</strong></span> <span class='ocrx_word' id='word_1_194' title='bbox 822 2430 934 2516; x_wconf 85' lang='lat' dir='ltr'><strong>regula</strong></span> <span class='ocrx_word' id='word_1_195' title='bbox 962 2429 1133 2494; x_wconf 85' lang='lat' dir='ltr'><strong>observata</strong></span> <span class='ocrx_word' id='word_1_196' title='bbox 1160 2429 1250 2494; x_wconf 87' lang='lat' dir='ltr'><strong>vide·</strong></span> 
     </span>
    </p>
   </div>
   <div class='ocr_carea' id='block_1_4' title="bbox 124 2537 1251 4267">
    <p class='ocr_par' dir='ltr' id='par_1_4' title="bbox 129 2537 1251 2842">
     <span class='ocr_line' id='line_1_21' title="bbox 131 2537 1251 2625; baseline 0.001 -23"><span class='ocrx_word' id='word_1_197' title='bbox 131 2551 198 2602; x_wconf 89' lang='lat' dir='ltr'><strong>tur:</strong></span> <span class='ocrx_word' id='word_1_198' title='bbox 235 2549 309 2624; x_wconf 90' lang='lat' dir='ltr'><strong>post</strong></span> <span class='ocrx_word' id='word_1_199' title='bbox 330 2562 368 2604; x_wconf 83' lang='lat' dir='ltr'><strong>ea</strong></span> <span class='ocrx_word' id='word_1_200' title='bbox 396 2563 411 2602; x_wconf 86' lang='lat' dir='ltr'><strong>s</strong></span> <span class='ocrx_word' id='word_1_201' title='bbox 433 2539 596 2624; x_wconf 91' lang='lat' dir='ltr'><strong>sequentis</strong></span> <span class='ocrx_word' id='word_1_202' title='bbox 622 2537 712 2604; x_wconf 86' lang='lat' dir='ltr'><strong>verbi</strong></span> <span class='ocrx_word' id='word_1_203' title='bbox 739 2538 909 2617; x_wconf 90' lang='lat' dir='ltr'><strong>omittitur,</strong></span> <span class='ocrx_word' id='word_1_204' title='bbox 939 2550 971 2603; x_wconf 90' lang='lat' dir='ltr'><strong>et</strong></span> <span class='ocrx_word' id='word_1_205' title='bbox 997 2538 1251 2625; x_wconf 89' lang='lat' dir='ltr'><strong>praepositiones</strong></span> 
     </span>
     <span class='ocr_line' id='line_1_22' title="bbox 130 2646 1249 2735; baseline -0.002 -23"><span class='ocrx_word' id='word_1_206' title='bbox 130 2671 190 2712; x_wconf 84' lang='lat' dir='ltr'><strong>coa</strong></span> <span class='ocrx_word' id='word_1_207' title='bbox 203 2656 235 2712; x_wconf 91' lang='lat' dir='ltr'><strong>et</strong></span> <span class='ocrx_word' id='word_1_208' title='bbox 245 2659 334 2712; x_wconf 86' lang='lat' dir='ltr'><strong>troas</strong></span> <span class='ocrx_word' id='word_1_209' title='bbox 344 2647 378 2711; x_wconf 90' lang='lat' dir='ltr'><strong>in</strong></span> <span class='ocrx_word' id='word_1_210' title='bbox 390 2646 618 2733; x_wconf 88' lang='lat' dir='ltr'><strong>compositione</strong></span> <span class='ocrx_word' id='word_1_211' title='bbox 629 2648 823 2726; x_wconf 87' lang='lat' dir='ltr'><strong>mutilantur,</strong></span> <span class='ocrx_word' id='word_1_212' title='bbox 835 2658 872 2712; x_wconf 92' lang='lat' dir='ltr'><strong>ut</strong></span> <span class='ocrx_word' id='word_1_213' title='bbox 884 2651 1057 2735; x_wconf 75' lang='lat' dir='ltr'><strong>cospissari</strong></span> <span class='ocrx_word' id='word_1_214' title='bbox 1067 2669 1099 2732; x_wconf 98' lang='lat' dir='ltr'><strong>p.</strong></span> <span class='ocrx_word' id='word_1_215' title='bbox 1113 2649 1184 2725; x_wconf 89' lang='lat'><strong>157,</strong></span> <span class='ocrx_word' id='word_1_216' title='bbox 1197 2649 1249 2724; x_wconf 96' lang='lat'><strong>21,</strong></span> 
     </span>
     <span class='ocr_line' id='line_1_23' title="bbox 129 2756 919 2842; baseline -0.003 -20"><span class='ocrx_word' id='word_1_217' title='bbox 129 2759 223 2822; x_wconf 85' lang='lat' dir='ltr'><strong>coicit</strong></span> <span class='ocrx_word' id='word_1_218' title='bbox 243 2778 275 2841; x_wconf 98' lang='lat' dir='ltr'><strong>p.</strong></span> <span class='ocrx_word' id='word_1_219' title='bbox 293 2759 366 2834; x_wconf 90' lang='lat'><strong>240,</strong></span> <span class='ocrx_word' id='word_1_220' title='bbox 382 2759 412 2834; x_wconf 92' lang='lat'><strong>2,</strong></span> <span class='ocrx_word' id='word_1_221' title='bbox 435 2759 569 2822; x_wconf 85' lang='lat' dir='ltr'><strong>tralatus</strong></span> <span class='ocrx_word' id='word_1_222' title='bbox 591 2780 623 2842; x_wconf 90' lang='lat' dir='ltr'><strong>p.</strong></span> <span class='ocrx_word' id='word_1_223' title='bbox 641 2759 778 2835; x_wconf 85' lang='lat'><strong>172,15.</strong></span> <span class='ocrx_word' id='word_1_224' title='bbox 802 2756 919 2833; x_wconf 85' lang='lat'><strong>97,13.</strong></span> 
     </span>
    </p>

    <p class='ocr_par' dir='ltr' id='par_1_5' title="bbox 127 2864 1251 3494">
     <span class='ocr_line' id='line_1_24' title="bbox 171 2864 1250 2952; baseline 0.002 -24"><span class='ocrx_word' id='word_1_225' title='bbox 171 2865 344 2931; x_wconf 87' lang='lat' dir='ltr'><strong>Praeterea</strong></span> <span class='ocrx_word' id='word_1_226' title='bbox 365 2888 428 2930; x_wconf 91' lang='lat' dir='ltr'><strong>non</strong></span> <span class='ocrx_word' id='word_1_227' title='bbox 450 2888 553 2950; x_wconf 85' lang='lat' dir='ltr'><strong>pauca</strong></span> <span class='ocrx_word' id='word_1_228' title='bbox 574 2866 775 2952; x_wconf 89' lang='lat' dir='ltr'><strong>reperiuntur</strong></span> <span class='ocrx_word' id='word_1_229' title='bbox 789 2866 822 2930; x_wconf 90' lang='lat' dir='ltr'><strong>in</strong></span> <span class='ocrx_word' id='word_1_230' title='bbox 837 2865 946 2931; x_wconf 85' lang='lat' dir='ltr'><strong>codice</strong></span> <span class='ocrx_word' id='word_1_231' title='bbox 964 2865 1118 2930; x_wconf 91' lang='lat' dir='ltr'><strong>idiotismi</strong></span> <span class='ocrx_word' id='word_1_232' title='bbox 1141 2864 1250 2930; x_wconf 90' lang='lat' dir='ltr'><strong>cuius-</strong></span> 
     </span>
     <span class='ocr_line' id='line_1_25' title="bbox 128 2974 1249 3062; baseline 0.003 -26"><span class='ocrx_word' id='word_1_233' title='bbox 128 2974 213 3038; x_wconf 89' lang='lat' dir='ltr'><strong>dam·</strong></span> <span class='ocrx_word' id='word_1_234' title='bbox 227 2977 278 3040; x_wconf 88' lang='lat' dir='ltr'><strong>vel</strong></span> <span class='ocrx_word' id='word_1_235' title='bbox 301 2974 426 3040; x_wconf 84' lang='lat' dir='ltr'><strong>dialecti</strong></span> <span class='ocrx_word' id='word_1_236' title='bbox 450 2976 655 3060; x_wconf 86' lang='lat' dir='ltr'><strong>provincialis</strong></span> <span class='ocrx_word' id='word_1_237' title='bbox 683 2974 828 3062; x_wconf 85' lang='lat' dir='ltr'><strong>vestigia,</strong></span> <span class='ocrx_word' id='word_1_238' title='bbox 857 2997 953 3059; x_wconf 89' lang='lat' dir='ltr'><strong>quam</strong></span> <span class='ocrx_word' id='word_1_239' title='bbox 981 2974 1129 3060; x_wconf 83' lang='lat' dir='ltr'><strong>gallicam</strong></span> <span class='ocrx_word' id='word_1_240' title='bbox 1157 2976 1249 3040; x_wconf 87' lang='lat' dir='ltr'><strong>cisal-</strong></span> 
     </span>
     <span class='ocr_line' id='line_1_26' title="bbox 129 3070 1251 3170; baseline 0.002 -24"><span class='ocrx_word' id='word_1_241' title='bbox 129 3083 241 3168; x_wconf 89' lang='lat' dir='ltr'><strong>pinam</strong></span> <span class='ocrx_word' id='word_1_242' title='bbox 262 3084 314 3148; x_wconf 90' lang='lat' dir='ltr'><strong>vel</strong></span> <span class='ocrx_word' id='word_1_243' title='bbox 336 3084 509 3170; x_wconf 89' lang='lat' dir='ltr'><strong>superioris</strong></span> <span class='ocrx_word' id='word_1_244' title='bbox 529 3084 642 3149; x_wconf 88' lang='lat' dir='ltr'><strong>Italiae</strong></span> <span class='ocrx_word' id='word_1_245' title='bbox 664 3085 827 3170; x_wconf 85' lang='lat' dir='ltr'><strong>propriam</strong></span> <span class='ocrx_word' id='word_1_246' title='bbox 849 3106 963 3149; x_wconf 89' lang='lat' dir='ltr'><strong>vocare</strong></span> <span class='ocrx_word' id='word_1_247' title='bbox 991 3084 1074 3161; x_wconf 89' lang='grc'><strong>11661,</strong></span> <span class='ocrx_word' id='word_1_248' title='bbox 1102 3070 1251 3169; x_wconf 90' lang='lat' dir='ltr'><strong>quoniam</strong></span> 
     </span>
     <span class='ocr_line' id='line_1_27' title="bbox 127 3193 1250 3278; baseline 0.002 -23"><span class='ocrx_word' id='word_1_249' title='bbox 127 3194 211 3257; x_wconf 87' lang='lat' dir='ltr'><strong>istae</strong></span> <span class='ocrx_word' id='word_1_250' title='bbox 241 3193 352 3259; x_wconf 82' lang='lat' dir='ltr'><strong>rustici</strong></span> <span class='ocrx_word' id='word_1_251' title='bbox 383 3193 537 3258; x_wconf 89' lang='lat' dir='ltr'><strong>sermonis</strong></span> <span class='ocrx_word' id='word_1_252' title='bbox 562 3193 699 3270; x_wconf 83' lang='lat' dir='ltr'><strong>formae,</strong></span> <span class='ocrx_word' id='word_1_253' title='bbox 735 3215 815 3278; x_wconf 86' lang='lat' dir='ltr'><strong>quas</strong></span> <span class='ocrx_word' id='word_1_254' title='bbox 842 3193 1040 3277; x_wconf 88' lang='lat' dir='ltr'><strong>antiquarius</strong></span> <span class='ocrx_word' id='word_1_255' title='bbox 1067 3193 1250 3272; x_wconf 89' lang='lat' dir='ltr'><strong>immiscuit,</strong></span> 
     </span>
     <span class='ocr_line' id='line_1_28' title="bbox 128 3301 1251 3389; baseline 0.004 -26"><span class='ocrx_word' id='word_1_256' title='bbox 128 3301 303 3386; x_wconf 87' lang='lat' dir='ltr'><strong>praecipue</strong></span> <span class='ocrx_word' id='word_1_257' title='bbox 324 3302 454 3389; x_wconf 87' lang='lat' dir='ltr'><strong>linguae</strong></span> <span class='ocrx_word' id='word_1_258' title='bbox 474 3302 771 3368; x_wconf 88' lang='lat' dir='ltr'><strong>celto-britannicae</strong></span> <span class='ocrx_word' id='word_1_259' title='bbox 794 3303 965 3386; x_wconf 84' lang='lat' dir='ltr'><strong>(wallicae)</strong></span> <span class='ocrx_word' id='word_1_260' title='bbox 987 3304 1251 3369; x_wconf 87' lang='lat' dir='ltr'><strong>consuetudinem</strong></span> 
     </span>
     <span class='ocr_line' id='line_1_29' title="bbox 129 3421 318 3494; baseline 0 -20"><span class='ocrx_word' id='word_1_261' title='bbox 129 3421 318 3494; x_wconf 87' lang='lat' dir='ltr'><strong>sequuntur.</strong></span> 
     </span>
    </p>

    <p class='ocr_par' dir='ltr' id='par_1_6' title="bbox 129 3521 1251 4034">
     <span class='ocr_line' id='line_1_30' title="bbox 173 3521 1250 3611; baseline 0.006 -29"><span class='ocrx_word' id='word_1_262' title='bbox 173 3544 194 3582; x_wconf 93' lang='lat' dir='ltr'><strong>a</strong></span> <span class='ocrx_word' id='word_1_263' title='bbox 215 3541 274 3604; x_wconf 92' lang='lat' dir='ltr'><strong>pro</strong></span> <span class='ocrx_word' id='word_1_264' title='bbox 296 3542 334 3584; x_wconf 86' lang='grc'><strong>66</strong></span> <span class='ocrx_word' id='word_1_265' title='bbox 355 3521 495 3604; x_wconf 91' lang='lat' dir='ltr'><strong>ponitur,</strong></span> <span class='ocrx_word' id='word_1_266' title='bbox 509 3522 641 3607; x_wconf 87' lang='lat' dir='ltr'><strong>facetus</strong></span> <span class='ocrx_word' id='word_1_267' title='bbox 656 3545 687 3608; x_wconf 88' lang='lat' dir='ltr'><strong>p.</strong></span> <span class='ocrx_word' id='word_1_268' title='bbox 704 3523 776 3602; x_wconf 91' lang='grc'><strong>206,</strong></span> <span class='ocrx_word' id='word_1_269' title='bbox 794 3525 850 3603; x_wconf 89' lang='grc'><strong>16;</strong></span> <span class='ocrx_word' id='word_1_270' title='bbox 875 3547 911 3589; x_wconf 90' lang='grc'><strong>66</strong></span> <span class='ocrx_word' id='word_1_271' title='bbox 932 3544 991 3611; x_wconf 93' lang='lat' dir='ltr'><strong>pro</strong></span> <span class='ocrx_word' id='word_1_272' title='bbox 1014 3535 1035 3589; x_wconf 81' lang='grc' dir='ltr'><em>ῑ</em></span> <span class='ocrx_word' id='word_1_273' title='bbox 1052 3533 1085 3588; x_wconf 89' lang='grc'><strong>61</strong></span> <span class='ocrx_word' id='word_1_274' title='bbox 1107 3528 1134 3601; x_wconf 78' lang='grc' dir='ltr'><strong>ἔ,</strong></span> <span class='ocrx_word' id='word_1_275' title='bbox 1150 3546 1250 3609; x_wconf 90' lang='lat' dir='ltr'><strong>prae·</strong></span> 
     </span>
     <span class='ocr_line' id='line_1_31' title="bbox 129 3631 1251 3719; baseline 0.004 -28"><span class='ocrx_word' id='word_1_276' title='bbox 129 3631 309 3713; x_wconf 75' lang='lat' dir='ltr'><strong>praedaene</strong></span> <span class='ocrx_word' id='word_1_277' title='bbox 330 3653 362 3715; x_wconf 94' lang='lat' dir='ltr'><strong>p.</strong></span> <span class='ocrx_word' id='word_1_278' title='bbox 387 3631 458 3706; x_wconf 89' lang='grc'><strong>194,</strong></span> <span class='ocrx_word' id='word_1_279' title='bbox 483 3632 533 3706; x_wconf 88' lang='grc'><strong>16,</strong></span> <span class='ocrx_word' id='word_1_280' title='bbox 548 3634 665 3717; x_wconf 90' lang='lat' dir='ltr'><strong>faerae</strong></span> <span class='ocrx_word' id='word_1_281' title='bbox 681 3632 786 3718; x_wconf 90' lang='lat' dir='ltr'><strong>(adv.)</strong></span> <span class='ocrx_word' id='word_1_282' title='bbox 807 3656 839 3719; x_wconf 91' lang='lat' dir='ltr'><strong>p.</strong></span> <span class='ocrx_word' id='word_1_283' title='bbox 857 3635 929 3709; x_wconf 91' lang='grc'><strong>197,</strong></span> <span class='ocrx_word' id='word_1_284' title='bbox 947 3634 997 3710; x_wconf 92' lang='grc'><strong>16,</strong></span> <span class='ocrx_word' id='word_1_285' title='bbox 1013 3636 1251 3719; x_wconf 83' lang='lat' dir='ltr'><strong>propriaeqaae</strong></span> 
     </span>
     <span class='ocr_line' id='line_1_32' title="bbox 130 3737 1251 3827; baseline 0.005 -28"><span class='ocrx_word' id='word_1_286' title='bbox 130 3737 238 3822; x_wconf 84' lang='lat' dir='ltr'><strong>(adv.)</strong></span> <span class='ocrx_word' id='word_1_287' title='bbox 268 3760 300 3822; x_wconf 92' lang='lat' dir='ltr'><strong>p.</strong></span> <span class='ocrx_word' id='word_1_288' title='bbox 326 3740 398 3816; x_wconf 91' lang='lat'><strong>155,</strong></span> <span class='ocrx_word' id='word_1_289' title='bbox 422 3742 473 3816; x_wconf 94' lang='lat'><strong>24,</strong></span> <span class='ocrx_word' id='word_1_290' title='bbox 507 3744 726 3826; x_wconf 83' lang='lat' dir='ltr'><strong>maaimaeqae</strong></span> <span class='ocrx_word' id='word_1_291' title='bbox 749 3742 854 3826; x_wconf 86' lang='lat' dir='ltr'><strong>(adv.)</strong></span> <span class='ocrx_word' id='word_1_292' title='bbox 881 3766 912 3826; x_wconf 90' lang='lat' dir='ltr'><strong>p.</strong></span> <span class='ocrx_word' id='word_1_293' title='bbox 937 3744 1008 3820; x_wconf 92' lang='lat'><strong>155,</strong></span> <span class='ocrx_word' id='word_1_294' title='bbox 1032 3745 1084 3818; x_wconf 93' lang='lat'><strong>21,</strong></span> <span class='ocrx_word' id='word_1_295' title='bbox 1117 3764 1251 3827; x_wconf 84' lang='lat' dir='ltr'><strong>caespes</strong></span> 
     </span>
     <span class='ocr_line' id='line_1_33' title="bbox 129 3849 1249 3935; baseline 0.004 -25"><span class='ocrx_word' id='word_1_296' title='bbox 129 3849 313 3932; x_wconf 90' lang='lat' dir='ltr'><strong>p.26,18,</strong></span> <span class='ocrx_word' id='word_1_297' title='bbox 342 3871 509 3933; x_wconf 77' lang='lat' dir='ltr'><strong>capraesso</strong></span> <span class='ocrx_word' id='word_1_298' title='bbox 538 3873 569 3935; x_wconf 92' lang='lat' dir='ltr'><strong>p.</strong></span> <span class='ocrx_word' id='word_1_299' title='bbox 601 3852 672 3928; x_wconf 92' lang='lat'><strong>128,</strong></span> <span class='ocrx_word' id='word_1_300' title='bbox 695 3853 729 3926; x_wconf 86' lang='lat'><strong>23</strong></span> <span class='ocrx_word' id='word_1_301' title='bbox 760 3851 843 3915; x_wconf 86' lang='lat' dir='ltr'><strong>conf.</strong></span> <span class='ocrx_word' id='word_1_302' title='bbox 872 3873 904 3934; x_wconf 92' lang='lat' dir='ltr'><strong>p.</strong></span> <span class='ocrx_word' id='word_1_303' title='bbox 934 3852 1005 3927; x_wconf 90' lang='lat'><strong>154,</strong></span> <span class='ocrx_word' id='word_1_304' title='bbox 1035 3853 1085 3914; x_wconf 93' lang='grc'><strong>19.</strong></span> <span class='ocrx_word' id='word_1_305' title='bbox 1120 3853 1191 3928; x_wconf 93' lang='grc'><strong>170,</strong></span> <span class='ocrx_word' id='word_1_306' title='bbox 1221 3853 1249 3916; x_wconf 92' lang='lat'><strong>5.</strong></span> 
     </span>
     <span class='ocr_line' id='line_1_34' title="bbox 131 3958 488 4034; baseline 0.006 -14"><span class='ocrx_word' id='word_1_307' title='bbox 131 3958 205 4034; x_wconf 88' lang='lat'><strong>168,</strong></span> <span class='ocrx_word' id='word_1_308' title='bbox 228 3960 257 4019; x_wconf 92' lang='lat'><strong>4.</strong></span> <span class='ocrx_word' id='word_1_309' title='bbox 292 3959 343 4034; x_wconf 92' lang='grc'><strong>20,</strong></span> <span class='ocrx_word' id='word_1_310' title='bbox 367 3959 488 4024; x_wconf 88' lang='grc'><strong>18661.</strong></span> 
     </span>
    </p>

    <p class='ocr_par' dir='ltr' id='par_1_7' title="bbox 124 4069 1249 4267">
     <span class='ocr_line' id='line_1_35' title="bbox 176 4069 1249 4154; baseline 0.005 -25"><span class='ocrx_word' id='word_1_311' title='bbox 176 4089 191 4130; x_wconf 90' lang='grc'><strong>6</strong></span> <span class='ocrx_word' id='word_1_312' title='bbox 212 4089 271 4151; x_wconf 89' lang='lat' dir='ltr'><strong>pro</strong></span> <span class='ocrx_word' id='word_1_313' title='bbox 293 4069 310 4131; x_wconf 83' lang='lat' dir='ltr'><strong>i</strong></span> <span class='ocrx_word' id='word_1_314' title='bbox 328 4078 360 4131; x_wconf 90' lang='lat' dir='ltr'><strong>et</strong></span> <span class='ocrx_word' id='word_1_315' title='bbox 380 4080 402 4144; x_wconf 80' lang='lat' dir='ltr'><strong>i,</strong></span> <span class='ocrx_word' id='word_1_316' title='bbox 424 4071 623 4134; x_wconf 82' lang='lat' dir='ltr'><strong>iasidcaatur</strong></span> <span class='ocrx_word' id='word_1_317' title='bbox 643 4092 675 4154; x_wconf 90' lang='lat' dir='ltr'><strong>p.</strong></span> <span class='ocrx_word' id='word_1_318' title='bbox 700 4070 751 4147; x_wconf 91' lang='lat'><strong>21,</strong></span> <span class='ocrx_word' id='word_1_319' title='bbox 774 4072 825 4148; x_wconf 91' lang='lat'><strong>22,</strong></span> <span class='ocrx_word' id='word_1_320' title='bbox 853 4071 1022 4134; x_wconf 83' lang='lat' dir='ltr'><strong>terebeatlli</strong></span> <span class='ocrx_word' id='word_1_321' title='bbox 1041 4093 1073 4154; x_wconf 92' lang='lat' dir='ltr'><strong>p.</strong></span> <span class='ocrx_word' id='word_1_322' title='bbox 1102 4073 1174 4148; x_wconf 92' lang='lat'><strong>212,</strong></span> <span class='ocrx_word' id='word_1_323' title='bbox 1200 4073 1249 4149; x_wconf 94' lang='lat'><strong>17,</strong></span> 
     </span>
     <span class='ocr_line' id='line_1_36' title="bbox 124 4178 1249 4267; baseline 0.004 -28"><span class='ocrx_word' id='word_1_324' title='bbox 124 4189 297 4263; x_wconf 83' lang='lat' dir='ltr'><strong>peremunt</strong></span> <span class='ocrx_word' id='word_1_325' title='bbox 318 4199 348 4260; x_wconf 86' lang='lat' dir='ltr'><strong>p.</strong></span> <span class='ocrx_word' id='word_1_326' title='bbox 365 4178 415 4254; x_wconf 85' lang='lat'><strong>26,</strong></span> <span class='ocrx_word' id='word_1_327' title='bbox 441 4180 491 4256; x_wconf 93' lang='lat'><strong>11,</strong></span> <span class='ocrx_word' id='word_1_328' title='bbox 515 4181 702 4243; x_wconf 80' lang='grc'><strong>61666161</strong></span> <span class='ocrx_word' id='word_1_329' title='bbox 722 4201 754 4262; x_wconf 94' lang='lat' dir='ltr'><strong>p.</strong></span> <span class='ocrx_word' id='word_1_330' title='bbox 778 4181 828 4257; x_wconf 84' lang='lat'><strong>29,</strong></span> <span class='ocrx_word' id='word_1_331' title='bbox 854 4182 910 4255; x_wconf 85' lang='lat'><strong>223</strong></span> <span class='ocrx_word' id='word_1_332' title='bbox 934 4202 991 4244; x_wconf 85' lang='lat' dir='ltr'><strong>nec</strong></span> <span class='ocrx_word' id='word_1_333' title='bbox 1013 4180 1118 4244; x_wconf 88' lang='lat' dir='ltr'><strong>minus</strong></span> <span class='ocrx_word' id='word_1_334' title='bbox 1139 4203 1198 4267; x_wconf 92' lang='lat' dir='ltr'><strong>pro</strong></span> <span class='ocrx_word' id='word_1_335' title='bbox 1221 4205 1249 4258; x_wconf 92' lang='lat' dir='ltr'><strong>o,</strong></span> 
     </span>
    </p>
   </div>
   <div class='ocr_carea' id='block_1_5' title="bbox 0 0 1384 4734">
    <p class='ocr_par' dir='ltr' id='par_1_8' title="bbox 0 0 1384 4734">
     <span class='ocr_line' id='line_1_37' title="bbox 0 0 1384 4734; baseline 0 0"><span class='ocrx_word' id='word_1_336' title='bbox 0 0 1384 4734; x_wconf 95' lang='lat' dir='ltr'><strong> </strong></span> 
     </span>
    </p>
   </div>
  </div>
 </body>
</html>
