2760 4734
120 284 161 347 58
609 296 750 339 aaronem

120 453 170 500 line
183 459 313 507 terrarum,
330 448 420 496 arcessi
438 458 496 511 post
511 446 700 509 inquisitionem
717 445 865 509 diligentem
884 442 916 493 in
928 444 1030 507 patriis
1042 444 1146 495 illorum
1155 444 1241 507 iam,

123 535 165 597 qui
181 535 213 580 de
229 532 359 581 levissimis
376 532 498 594 pecuniae
515 532 628 591 suminis,
648 532 742 580 nedum
759 528 791 577 de
806 528 860 577 vita
877 534 907 576 et
924 528 1028 592 capite,
1051 529 1105 579 sint
1119 528 1242 579 iudicaturi

122 618 221 667 Seneca
232 616 277 665 lib.
290 622 314 665 8.
327 618 358 665 de
369 616 408 664 ira
418 630 473 678 cap.
487 621 519 665 38
533 611 585 675 [l]:
597 612 702 662 Eaeeats'
718 628 731 661 e
747 610 884 676 lonqinqat'a
902 610 1055 674 reqione'bas
1070 609 1160 661 iudices
1170 610 1242 671 aaut

122 698 258 760 indicaturi,
274 700 350 747 atriae
365 699 450 747 iustior
464 697 570 746 avaritia
585 697 624 746 st'l.
645 698 697 748 Ubi
714 698 825 747 ostendit
840 696 961 759 Lipsius,
980 695 1042 746 hoe
1059 696 1139 747 Plinii
1152 712 1176 747 te
1187 708 1243 747 rene

121 785 225 848 cepisse,
243 785 357 847 quamvis
372 783 474 832 Pitheci
488 790 571 844 tractet
587 791 715 845 sequatur.
737 780 803 831 Nam
819 788 846 829 et
861 780 939 830 addit
956 794 996 829 ex
1009 780 1060 829 lib.
1073 786 1117 841 ³8,
1130 786 1141 831 l
1154 778 1187 843 [7,
1197 778 1244 843 tt1=

122 867 222 917 nonduin
237 866 368 931 procirrct't's
383 864 418 913 ad
433 864 475 915 loc
492 881 574 912 manus
591 862 709 912 adnisam
731 864 831 913 Eodem
847 862 1007 926 respexisse
1024 862 1139 915 Latinus
1152 864 1246 915 1³th

121 960 206 1017 potest
224 951 303 1000 videri
323 952 350 1000 in
369 950 528 1013 Panegyrico
549 946 585 1010 [4,
604 946 644 1009 15],
668 948 711 997 ubi
729 948 819 997 laudes
835 946 989 1009 Hispaniae
1011 948 1248 1011 personantium

122 1034 259 1084 dunisimee
271 1032 362 1093 milites,
379 1032 439 1081 llaec
456 1031 666 1095 experientissimos
681 1028 759 1091 danea
776 1029 835 1077 daec
841 1027 1057 1092 sacttnds'sse'tnos
1073 1038 1187 1093 mares,
1201 1030 1249 1081 laer

122 1118 265 1167 clarnsirnos
281 1125 347 1165 vates
358 1116 439 1179 parit.-
460 1115 518 1163 llaec
533 1114 635 1163 indicam
653 1122 734 1175 nater,
752 1112 810 1161 baec
818 1112 974 1176 principum.
1002 1114 1158 1175 metum,
1172 1113 1248 1177 inquil,

121 1205 149 1252 in
168 1205 289 1266 cuiusque
309 1201 426 1264 patriam,
447 1201 490 1262 qui
510 1200 653 1262 explorent,
673 1213 724 1261 qua
743 1196 811 1247 fame
830 1204 858 1245 et
877 1196 1092 1247 existimatione
1108 1198 1168 1259 sint,
1186 1212 1250 1261 quan

122 1286 291 1349 municipibus
307 1286 359 1333 suis
376 1284 484 1347 probati.
506 1284 565 1333 Non
582 1283 649 1331 enim
665 1290 764 1331 tantum
780 1295 814 1330 ex
828 1280 895 1329 urba
911 1282 1065 1345 capiuntur
1081 1289 1108 1331 et
1118 1282 1200 1339 Iulia,
1214 1280 1250 1331 sed

123 1385 156 1419 ex
172 1370 289 1419 omnibns
304 1375 442 1418 evocantur
457 1368 557 1429 imperii
569 1367 689 1429 partibus,
705 1366 749 1427 qui
761 1367 792 1414 de
803 1364 915 1427 pecunia
926 1365 1056 1415 indicent
1067 1380 1123 1416 non
1134 1372 1250 1427 mmm!

122 1468 305 1516 nonnunquam
325 1467 430 1501 nummo
450 1451 564 1499 sestertio
585 1449 691 1499 addictis
711 1456 737 1497 et
756 1448 919 1511 mancipatis.
945 1448 1039 1511 Ergo,
1060 1448 1114 1507 Qui
1128 1446 1159 1497 ds
1172 1462 1251 1497 m

123 1536 217 1597 indicet,
229 1544 267 1585 est
278 1550 311 1584 ex
321 1535 429 1583 minimo
441 1534 559 1595 exemplo
572 1532 707 1595 descriptio
719 1531 830 1580 iudicum
841 1531 868 1579 in
880 1532 978 1593 quavis
992 1532 1045 1583 lite
1057 1534 1166 1598 private.
1176 1530 1251 1593 Pergit

123 1628 223 1669 anctore
241 1617 270 1665 de
282 1616 353 1665 exilio
365 1634 420 1664 cero
432 1632 476 1663 noa
488 1615 536 1663 nist
545 1613 584 1661 die
595 1612 777 1677 quadrupen'no
787 1612 890 1675 qtnnqne
901 1611 989 1663 electis
1002 1614 1069 1664 υἰνίε
1080 1614 1157 1665 datu·
1167 1612 1250 1665 intelle·

123 1704 281 1767 Ignosoimus
298 1712 324 1750 et
342 1702 383 1749 hic
394 1701 513 1762 Aqaaeo,
529 1700 570 1746 eui
589 1696 678 1746 tantia
694 1702 872 1747 testamentum
888 1706 938 1758 est,
957 1698 1021 1747 sive
1039 1702 1189 1751 tesmenti
1201 1700 1251 1749 seri·

123 1802 207 1853 ptura:
226 1787 355 1837 nesciebat
369 1785 437 1833 enim
454 1784 485 1831 de
499 1782 623 1831 iudicibus
639 1782 690 1844 egi.
713 1781 872 1844 Ignoscimns
883 1781 916 1830 P.
928 1782 1064 1843 Pithoeo,
1081 1785 1129 1847 qui
1146 1783 1250 1833 iudicine

124 1872 313 1937 quinquevirale
329 1870 355 1919 in
368 1869 432 1919 Cod.
445 1866 584 1917 Theodosii
598 1867 728 1916 inventurn
746 1864 791 1928 (de
802 1879 854 1927 qno
864 1864 944 1914 Plinii
961 1881 1036 1917 aevo
1054 1883 1137 1918 nemo
1154 1866 1250 1919 mnnit-

123 1957 172 2021 vit)
188 1960 239 2005 huc
255 1955 371 2013 retrahit,
391 1960 416 2001 et
432 1954 474 2001 Fr.
487 1950 583 2009 loreto,
600 1950 643 2012 qui
660 1950 694 1998 ad
711 1948 858 2012 Symmachi
874 1946 920 1996 lib.
932 1953 957 1997 2.
978 1963 1026 2012 ep.
1041 1954 1085 2001 74.
1104 1952 1196 2015 prioris
1209 1950 1250 1999 edi-

125 2044 199 2091 tionis
216 2042 267 2089 hoc
281 2038 383 2100 quidem
400 2036 467 2084 tollit
484 2034 612 2092 iudicium,
631 2034 675 2081 sed
691 2031 853 2081 commendat
870 2032 976 2081 nobiae
989 2034 1090 2083 codice
1104 2034 1133 2085 S.
1145 2033 1250 2097 Benigni-

125 2128 192 2189 quod
209 2124 336 2185 explicare
352 2122 405 2183 ipse
422 2132 475 2166 nou
490 2124 602 2180 poterat:
619 2131 665 2163 non
681 2114 729 2163 nni
744 2112 774 2163 de
788 2113 876 2164 XLV
888 2112 971 2163 elsam
989 2116 1066 2167 nirt'sr
1086 2126 1183 2169 neum
1195 2116 1250 2167 enin

126 2209 256 2258 meliorem
272 2205 422 2267 scripturam
438 2202 542 2251 viderat.
565 2199 726 2261 Ignoseimus
742 2207 769 2247 et
778 2198 955 2261 Daleeampio‚
977 2200 1027 2262 qni
1044 2202 1117 2250 vidit
1128 2200 1250 2263 baneqtri·

124 2297 182 2342 dem
199 2301 224 2340 ct
239 2289 357 2353 prodidit,
373 2288 416 2336 sed
433 2291 561 2335 assecutus
577 2299 631 2332 non
648 2291 693 2342 est,
710 2290 735 2331 ot
751 2283 834 2346 potius
845 2281 937 2331 habuit
947 2294 985 2331 ex
998 2284 1122 2335 Pithoeo
1136 2286 1250 2348 quaeda!

125 2375 191 2426 malo
206 2381 269 2423 nata
284 2373 355 2436 peius
371 2369 526 2428 describere,
544 2368 613 2416 velut
629 2368 678 2417 hos
694 2367 872 2429 quinqueviros
888 2372 991 2415 cenum
1008 2369 1250 2431 magistratumnm

125 2461 214 2519 luisse,
232 2465 261 2505 ut
280 2454 469 2504 triumuirorum
485 2451 641 2512 capitalium.
668 2450 747 2510 Quasi
763 2464 823 2499 vero
840 2456 955 2512 tempore
974 2449 1058 2499 Plinii
1082 2450 1163 2501 iudex
1181 2448 1250 2513 macl·

125 2551 217 2592 stratus
236 2553 331 2588 nomen
351 2536 427 2584 fuerit
446 2536 499 2584 sive
515 2534 576 2583 certi
593 2535 646 2582 sire
661 2534 757 2583 incerti.
784 2533 952 2583 Scribendum
970 2540 1065 2583 autem
1084 2548 1103 2583 e
1120 2534 1251 2585 chrias

126 2624 264 2675 Vossianor
281 2618 311 2667 de
327 2616 397 2666 exilio
412 2633 467 2665 cero
483 2632 529 2664 non
545 2616 593 2664 niet'
606 2616 661 2666 XL
669 2618 694 2666 V
706 2615 785 2665 electis
800 2615 859 2665 uiris
874 2613 947 2663 datter
958 2614 1064 2667 tabella.
1089 2616 1251 2669 Nimirunir

126 2708 232 2770 singulis
248 2702 437 2766 quaestionibus
453 2702 572 2749 delinitus
593 2708 647 2749 erat
662 2716 783 2749 numerus
800 2700 923 2759 indicum,
945 2708 1013 2761 quot
1029 2703 1129 2753 sedere
1146 2704 1174 2753 iu
1189 2716 1251 2751 nnn

126 2796 261 2854 oporteret.
283 2786 341 2835 Huc
358 2784 485 2847 pertinent
500 2784 608 2832 Asconii
624 2785 651 2833 in
667 2785 739 2834 Orat.
754 2799 800 2848 pro
817 2783 914 2833 Scauro
932 2780 1008 2844 [Vol.
1022 2784 1057 2833 V.
1078 2786 1113 2835 P.
1126 2786 1164 2835 II.
1181 2788 1252 2849 pte.
1273 2834 1282 2857 Ι

126 2871 229 2936 Orell.]:
252 2867 387 2920 Sententiae
408 2863 510 2913 tulerant
528 2875 648 2915 senatores
667 2866 714 2915 dno
733 2876 756 2915 et
772 2868 840 2927 XX,
860 2866 949 2929 equites
968 2872 1020 2915 tres
1034 2874 1061 2915 st
1078 2868 1156 2929 XX,
1174 2864 1254 2917 adusi

127 2955 219 3005 (inani
229 2953 327 3005 XXV:
345 2968 374 2999 ea
386 2949 469 3013 quibas
481 2948 653 2998 decurtaverant
667 2958 786 2999 senatores
797 2958 904 3012 quatuor,
920 2948 1011 3011 quies
1022 2948 1084 3012 duo,
1103 2952 1196 3001 ινῶιιί
1204 2948 1252 3001 dua

127 3043 247 3091 Eiusdem
265 3053 312 3102 pro
323 3035 421 3085 Milone
439 3033 511 3096 [Vol.
523 3035 557 3083 V.
569 3036 599 3083 P.
611 3034 646 3082 11.
659 3050 684 3098 p.
698 3040 738 3083 53.
751 3031 854 3094 Orell.]:
872 3032 996 3081 man
1012 3030 1129 3093 [Orellir
1145 3030 1253 3099 pam]

127 3124 242 3186 utrinqne
257 3138 342 3179 cansa,
359 3117 448 3183 sinpalr'
462 3118 544 3182 quinos
559 3126 683 3166 accusator
699 3126 722 3165 et
738 3134 792 3166 ran
802 3124 934 3177 senatores,
953 3114 1052 3165 totidem
1066 3120 1165 3181 equita
1179 3128 1203 3169 ιι
1213 3118 1253 3167 m'.

127 3211 197 3257 banos
208 3206 315 3256 aerarios
326 3204 462 3264 reiecerunt,
479 3203 516 3251 ita
526 3210 553 3250 at
564 3218 623 3250 nnus
634 3210 657 3249 et
667 3201 841 3265 quinquaqinta
851 3198 979 3248 sententiaa
991 3198 1103 3251 taurini.
1121 3206 1172 3255 Eat
1181 3202 1254 3267 igitur

127 3296 189 3341 baec
207 3305 307 3353 quoquo
326 3288 460 3351 descriptio
477 3288 589 3335 iudicum
604 3288 631 3334 in
648 3286 747 3336 iudiciis
763 3286 883 3350 publicis,
903 3299 955 3333 non
971 3292 1061 3335 tamen
1081 3288 1253 3337 maximarum

126 3388 267 3424 causarum.
293 3373 336 3421 Ex
356 3372 446 3433 quibus
467 3372 549 3432 tangit
568 3386 656 3430 anum,
677 3370 719 3419 ubi
737 3372 858 3419 damnato
874 3382 958 3433 poena
973 3368 1101 3419 exsilium
1118 3380 1197 3427 emet.
1215 3370 1254 3433 qui

126 3472 209 3509 tamen
226 3458 254 3505 in
270 3457 403 3504 discrimen
418 3456 503 3504 venire
519 3470 571 3504 non
588 3463 680 3518 posset,
701 3455 750 3504 nisi
768 3454 815 3503 sub
831 3462 872 3502 tot
886 3451 1021 3501 iuditibus.
1046 3452 1145 3516 Elegit
1159 3466 1254 3511 annm.

126 3543 196 3591 cuius
216 3542 326 3589 iudicum
347 3554 479 3587 nurnernm
500 3540 572 3588 nulla
589 3539 703 3601 quaestio
720 3539 771 3586 alia
788 3538 932 3600 corriperet.
958 3534 994 3584 Et
1009 3536 1114 3586 iseum
1130 3538 1165 3587 sit
1180 3536 1255 3589 XLV

127 3629 287 3683 selectorum,
304 3624 364 3673 satis
380 3632 493 3686 apparet,
511 3639 587 3685 quam
599 3622 701 3672 solliciti
713 3636 766 3669 non
778 3624 854 3669 modo
865 3622 896 3669 dc
908 3620 968 3679 uite,
984 3621 1030 3669 sed
1042 3620 1129 3669 etiarn
1142 3624 1176 3673 de
1188 3630 1254 3673 stam

125 3713 244 3770 sontium,
262 3720 329 3757 certe
345 3716 526 3770 suspectorum,
543 3706 638 3756 suerint
655 3707 772 3755 maiores.
803 3702 902 3754 Tabella
919 3700 1000 3763 doner,
1020 3703 1047 3751 id
1064 3712 1117 3767 est,
1134 3706 1255 3757 indicium

126 3794 285 3857 permittitur.
308 3793 409 3841 Restat:
431 3791 466 3839 At
482 3790 511 3838 de
527 3788 604 3837 iudice
621 3789 672 3852 ipso
688 3788 770 3852 quales
787 3790 812 3837 in
827 3786 947 3837 aemiliam
963 3794 1019 3835 suat
1034 3788 1122 3837 nuffar
1140 3788 1257 3839 mareri!

126 3877 177 3926 Ubi
195 3877 384 3939 Delecampius:
407 3877 447 3924 Do
463 3874 560 3923 marlico
576 3874 632 3934 ipso
649 3871 737 3936 (quem
754 3874 844 3922 tralata
857 3870 956 3921 indicas
967 3878 1052 3931 vocat,
1070 3874 1137 3935 qnia
1148 3885 1256 3938 aegrum

126 3961 220 4009 iudicat
235 3967 260 4008 et
276 3966 359 4008 morte
375 3954 491 4017 damnat)
507 3955 588 4001 stetin
604 3956 708 4005 ooenaro
726 3954 774 4017 (ita
790 3957 858 4005 enim
869 3952 1056 4019 reponendum)
1069 3958 1140 4007 nulli
1152 3956 1256 4007 consm-

126 4052 189 4101 tant,
207 4053 232 4091 et
247 4042 352 4105 peritiae
369 4042 506 4105 periculum
523 4039 626 4089 iaciunt.
648 4042 719 4091 Nihil
737 4042 852 4091 alienius.
876 4040 959 4090 Iudex
974 4046 1021 4099 est,
1038 4040 1085 4102 qni
1098 4042 1212 4105 proprie
1223 4042 1257 4093 sit

127 4126 225 4173 dieitur.
249 4126 299 4173 iiie
315 4126 335 4173 si
352 4126 442 4173 morbo
459 4132 588 4185 correptus
603 4122 688 4185 luerit,
705 4124 795 4187 quales,
811 4140 888 4188 qaam
899 4138 952 4171 nou
963 4123 1064 4182 delecti,
1076 4137 1131 4173 nec
1142 4124 1258 4177 cenandi

127 4209 271 4269 examinati,
288 4208 381 4271 quippo
396 4214 494 4255 tantum
512 4221 557 4270 pro
574 4210 678 4258 medicis
694 4224 722 4258 so
738 4220 865 4273 gerentes,
883 4206 907 4255 in
923 4204 1043 4255 eonailiun
1061 4216 1122 4257 cant
1138 4210 1171 4259 de
1185 4224 1257 4273 prae-
