2760 4734
513 262 618 303 noran
634 261 676 303 an
691 261 773 303 arsa.
788 261 858 301 xxr.
1207 240 1247 303 23

128 414 265 478 prqerreur
276 427 352 462 urna.
371 411 468 461 Plinius
481 412 534 474 ipse
546 411 561 458 1.
578 417 616 470 re,
629 413 658 460 11
670 407 777 473 [potum
792 415 831 470 rs,
844 414 882 470 ra,
893 416 933 469 ts,
946 407 1004 470 144]
1018 412 1048 458 de
1061 409 1169 459 media:
1182 411 1247 472 quic-

132 496 190 561 quid
203 497 228 546 ln
243 494 309 546 caule
325 494 440 559 adeurqit,
449 493 518 557 solia
535 492 712 543 annotantur.
732 493 807 554 Quod
824 494 901 543 edam
912 493 939 541 in
950 492 1119 556 superioribus
1131 494 1247 543 editioni-

130 583 176 631 bus
187 587 320 631 vexarunt.
467 576 471 581 “

165 663 222 726 [13,
240 662 284 726 41]
302 660 385 712 Fluet
400 660 489 710 diversi
504 659 588 709 colaris
604 658 690 723 speeie]
710 661 863 719 Vossianus,
879 667 908 709 ut
923 659 1035 711 Pintiani
1052 663 1144 710 codex:
1166 659 1248 710 Floret

131 747 283 796 omsmobris.
300 747 383 808 Lege:
396 743 479 794 Floret
490 742 628 792 umsmolori
637 743 721 806 specie.

166 829 222 891 [19,
240 828 283 890 42]
306 828 379 880 Nunc
399 825 588 891 ePamplrylt'a:
607 825 651 876 sed
669 824 775 877 ctutum
798 826 899 875 manime
916 825 1040 888 muniatur]
1064 829 1169 878 Rectius
1185 829 1246 878 Mes.

130 914 296 978 primicerius:
308 927 368 960 nune
381 918 402 959 et
414 909 567 975 Pamphylia.
584 911 701 971 Dixerat,
714 909 827 974 optimum
839 918 910 959 anau
921 910 1006 964 irinum
1019 909 1132 959 Leucade
1143 918 1166 959 et
1176 909 1248 959 Elide

123 998 257 1060 fuebatur.
285 996 417 1058 Significat
436 1009 504 1045 nuno
524 1009 557 1044 ne
577 995 636 1044 inde
656 995 759 1056 quidem
775 994 889 1054 desiisse,
910 996 955 1043 sed
971 996 1048 1043 etiam
1065 1009 1079 1043 e
1095 996 1248 1059 Pamphylia

131 1081 265 1145 apportari.
284 1079 377 1131 Omisit
393 1086 478 1128 autern
495 1077 721 1141 praepositionem,
736 1085 766 1126 ut
781 1085 807 1128 et
824 1080 857 1128 ad
871 1075 955 1127 Elide.
973 1079 1071 1128 Deinde
1087 1078 1155 1128 idem
1171 1077 1246 1126 liber:

129 1160 172 1210 sed
195 1160 291 1211 Cilicum
312 1178 362 1211 cum
382 1161 485 1211 maxime
501 1159 622 1210 landatur.
644 1160 786 1212 Praeclare.
809 1161 945 1211 Pintianus
962 1162 1086 1211 tentabat:
1107 1158 1247 1224 iampridem

130 1245 191 1293 enim
207 1253 230 1292 et
245 1261 306 1294 nunc
319 1246 403 1310 fertur
420 1260 432 1292 e
446 1242 609 1308 Pamphylia,
626 1245 788 1295 commutatis
804 1246 895 1297 verbis.
918 1244 1046 1295 Nimirum
1061 1244 1201 1295 mirabatur
1216 1246 1248 1293 ad

128 1328 201 1389 illud,
217 1327 395 1392 ePamplrplia,
416 1329 545 1378 subaudiri
557 1327 649 1391 sertor,
667 1341 725 1378 oum
740 1329 924 1379 intercessisset
939 1328 1032 1376 emitur.
1056 1327 1106 1379 Sed
1122 1329 1191 1390 quod
1210 1336 1248 1378 est

129 1415 162 1462 de
179 1414 289 1474 satione,
306 1413 482 1476 accipiendam
498 1427 544 1475 per
561 1413 722 1476 parenthesin
738 1412 927 1476 interpositum,
945 1413 997 1463 boc
1014 1415 1104 1462 modo:
1130 1411 1247 1475 Optimum

129 1503 201 1543 antea
220 1494 308 1543 irinum
328 1492 441 1544 Leucade
460 1503 483 1543 et
501 1493 576 1544 Elide
587 1495 730 1558 ferebatur:
752 1492 901 1559 (iampridem
922 1494 982 1544 enim
1000 1503 1022 1544 et
1037 1494 1133 1557 seritur)
1149 1511 1210 1545 nunc
1225 1504 1248 1544 et

130 1577 284 1642 Pamphylia,
297 1586 343 1628 etc.
457 1632 462 1637 ,

163 1662 227 1714 em.
239 1663 314 1712 VIIL
329 1661 382 1724 [22,
399 1660 444 1724 45]
467 1659 543 1711 Uamn
559 1660 584 1710 in
601 1677 666 1711 nocco
678 1660 754 1725 quiin
765 1662 825 1712 rosia
836 1661 920 1724 micat]
938 1664 1031 1715 Misere
1047 1663 1155 1714 affectus
1166 1664 1245 1713 locus.

129 1748 209 1797 Acad.
225 1763 295 1796 unum
311 1746 337 1795 in
353 1761 419 1794 coeco
435 1745 493 1809 quia
504 1744 566 1794 rosis
577 1744 650 1793 micat
658 1744 762 1810 qratiuis
771 1745 867 1810 qratius
878 1745 939 1795 nillil
950 1746 1054 1796 traditur
1065 1755 1161 1809 aspectu
1173 1746 1215 1810 qui
1225 1755 1248 1794 et

130 1830 155 1878 in
169 1846 290 1895 purpuras
307 1828 383 1894 tyrias
400 1827 533 1892 duplaeque
548 1837 592 1878 aut
609 1827 735 1878 maumas.
752 1827 826 1879 alium
842 1830 965 1878 ametistus
981 1829 1046 1892 quad
1059 1828 1131 1879 uiola.
1148 1831 1247 1880 Eodem

130 1914 182 1964 iere
193 1916 269 1965 modo
286 1915 427 1977 Menapius.
447 1913 514 1964 (ind.
529 1928 599 1960 unum
616 1912 642 1960 in
657 1928 724 1961 cacco
740 1911 799 1975 qula
816 1912 877 1962 rosis
888 1913 960 1962 micat
968 1913 1062 1978 qratius
1072 1912 1134 1962 atlil
1144 1912 1247 1962 traditur

130 2004 238 2060 aspectura
254 2004 277 2045 et
288 1995 312 2045 in
321 2012 443 2060 purpuras
451 1995 531 2070 ‘tyrias
542 1994 673 2059 stipitesque
684 2004 727 2044 aut
738 1995 865 2046 laconicus.
882 1995 956 2046 utum
968 1997 1090 2046 ametistus
1101 1996 1165 2060 quod
1175 1995 1246 2045 uiola.

130 2081 271 2131 Vossianus
290 2080 426 2143 Andagav.
451 2095 521 2128 unum
545 2079 570 2128 in
596 2096 662 2128 cocco
683 2079 741 2143 quia
760 2079 822 2129 rasis
842 2081 942 2130 micame
960 2079 1043 2145 qratia
1062 2078 1125 2128 nitu
1144 2078 1248 2129 traditur

129 2171 233 2226 aspectu,
245 2172 291 2214 etc.
309 2171 353 2213 aut
367 2162 510 2224 Laconicas,
525 2161 600 2211 alium
616 2163 746 2214 ametutam
761 2162 825 2226 quad
840 2162 911 2215 uota.
929 2164 979 2215 Sed
995 2164 1035 2213 his
1048 2164 1176 2214 codicibus
1187 2164 1247 2215 solis

130 2248 195 2296 nihil
212 2247 392 2299 commiserim:
410 2261 458 2296 nec
475 2254 534 2297 sunt
546 2262 579 2296 ex
589 2248 648 2308 illis,
667 2248 710 2310 qui
727 2256 833 2312 possunt
845 2263 893 2311 ope
904 2263 951 2298 sua
962 2249 1092 2298 censericr.
1109 2249 1248 2299 Fideliores

129 2338 158 2379 ut
173 2331 296 2381 Pintiani:
316 2330 374 2394 quia
392 2331 452 2380 rans
472 2330 588 2393 alprante
608 2330 692 2394 qratia
708 2330 768 2380 nilsil
784 2330 887 2380 trabitur
901 2339 1016 2394 comeatu.
1038 2332 1179 2383 Vossianus
1196 2333 1248 2380 hoo

129 2415 250 2478 amplius:
262 2413 410 2479 principales
426 2422 453 2462 ut
468 2415 586 2463 rubertum
603 2414 628 2462 ia
640 2431 706 2464 ooaco
724 2415 783 2480 quia
798 2415 859 2465 rosis
874 2415 992 2480 miqrame
1006 2414 1091 2480 patio
1101 2414 1163 2464 nitu
1173 2415 1248 2464 :rata

129 2505 238 2562 suspectu
250 2506 272 2548 et
288 2498 313 2547 ia
323 2514 444 2562 purpuras
457 2498 532 2562 tyrias
543 2497 706 2563 dibaphasque
718 2515 748 2548 aa
764 2498 891 2548 malcas.
907 2497 1054 2548 amethistum
1070 2515 1131 2562 quae
1146 2497 1211 2549 riola
1226 2509 1248 2548 et

129 2582 179 2644 ipse
190 2581 215 2628 in
223 2597 334 2645 purpura
345 2597 396 2630 eum
408 2597 519 2646 quemque
527 2581 689 2646 pacintltinum
701 2581 881 2646 appellavimus.
899 2584 971 2635 Haec
986 2584 1064 2634 tutior
1080 2592 1106 2634 et
1116 2598 1176 2633 vera
1187 2599 1247 2634 con·

129 2666 230 2716 iacturis
250 2667 348 2716 semita
372 2667 516 2716 Tentabam
533 2675 628 2724 autem:
649 2666 703 2717 Hos
723 2666 888 2717 animaduerto
905 2674 951 2717 tres
970 2682 1019 2716 essa
1031 2665 1193 2730 principales:
1212 2674 1245 2728 ut,

129 2749 246 2798 nubentem
264 2748 289 2797 in
311 2765 391 2811 coeco,
413 2749 454 2813 qui
473 2749 534 2799 rosis
549 2751 658 2815 uiprante
673 2751 757 2816 qratia
774 2749 827 2814 (rel
846 2750 948 2801 micante
967 2749 1078 2816 nr'pritia)
1095 2749 1157 2800 niiil
1176 2749 1246 2812 aedit,

128 2841 248 2896 suspectus
269 2841 292 2881 et
312 2833 338 2881 in
356 2836 466 2898 purpura
486 2834 564 2898 Tyria
585 2833 734 2899 dibaplaque
751 2852 781 2901 aa
796 2834 936 2887 Laconica:
956 2834 1117 2899 (dramatis
1131 2836 1247 2898 purpuris

132 2915 213 2981 Tyriis
224 2915 379 2981 dibaplu'sque
390 2934 420 2966 ae
430 2917 569 2980 Laconicis)
582 2918 744 2984 ametqustum,
761 2920 804 2983 qui
813 2918 897 2981 aiche,
914 2919 997 2982 etipse
1009 2919 1033 2967 in
1041 2935 1159 2983 purpura,
1172 2933 1246 2980 eaque

128 3016 200 3063 quam
212 3000 343 3051 iantltinam
360 3001 545 3066 appellavimus:
561 3001 659 3066 (ponera
670 3002 730 3052 enim
743 3010 872 3052 tractamus
883 3003 909 3050 in
920 3002 1008 3066 species
1018 3001 1105 3050 multas
1115 3017 1165 3050 sese
1175 3017 1245 3064 epar-

128 3084 219 3149 pentia)
233 3086 312 3135 tertius
329 3094 370 3147 eet,
388 3086 430 3148 qui
444 3087 541 3150 proprie
556 3085 677 3150 conchylii.
694 3084 833 3150 iutelliqitur
848 3083 928 3135 multis
943 3082 1026 3134 mollis.
1043 3085 1113 3135 Illud
1127 3085 1245 3134 rubentem

130 3169 292 3220 confirmatur
311 3171 356 3220 lib.
372 3176 418 3232 33,
443 3177 453 3219 1
474 3168 579 3234 [potiusr
602 3176 647 3231 28,
667 3175 689 3231 l,
708 3175 747 3230 14,
766 3167 808 3230 19]
826 3183 886 3217 uvas
902 3169 1011 3218 rubentes
1031 3167 1095 3218 cosei
1111 3167 1186 3218 modo.
1208 3162 1244 3218 Τὸ

128 3251 229 3299 micante
245 3252 351 3318 niqritia‚
368 3255 410 3303 vel
425 3252 535 3318 niqrante
549 3252 631 3316 qratia
645 3253 689 3303 lib.
702 3259 726 3315 9,
742 3258 774 3304 36
794 3250 847 3314 [60,
866 3250 925 3316 126]
942 3252 1062 3317 niqrantie
1081 3268 1151 3302 rosae
1170 3251 1246 3303 colore

128 3334 257 3386 sublucens.
275 3339 310 3387 Et
322 3353 376 3403 cap.
389 3345 421 3389 33
436 3337 488 3413 [63
504 3337 578 3399 134]1
593 3337 691 3387 &beas
702 3335 765 3388 calar
776 3336 885 3402 uiprante
896 3335 1004 3388 deterior.
1022 3339 1133 3389 Ibidem:
1149 3338 1245 3388 mariae·

128 3433 174 3480 que
189 3419 238 3467 eius
259 3420 372 3484 nipritiae
389 3420 432 3470 dat
443 3422 605 3471 austeritatem
621 3420 688 3470 illam
704 3421 855 3485 nitoremque,
872 3421 915 3485 qui
929 3422 1060 3486 quaeritur,
1077 3423 1146 3473 maci.
1168 3423 1245 3472 Item:

128 3501 182 3551 laus
197 3502 220 3550 ei
238 3519 330 3552 summa
350 3504 374 3553 in
395 3504 471 3554 colore
490 3504 614 3570 :anquirit
634 3505 748 3567 aneon,
769 3505 892 3569 nipricans
908 3513 1004 3570 aspectu
1019 3505 1125 3570 idemque
1139 3515 1245 3571 suspectu

128 3584 253 3649 resulpens.
271 3588 311 3638 Ne
329 3589 390 3651 quid
407 3581 571 3650 dissimulem,
589 3589 663 3643 tradit
674 3593 755 3641 codex
767 3591 877 3655 optimus
888 3591 976 3652 literis,
992 3593 1036 3641 sed
1047 3590 1147 3652 virgula
1158 3603 1244 3653 super-

127 3673 210 3735 posita
222 3673 348 3736 significat
359 3669 390 3721 τὸ
408 3673 456 3723 UR
467 3674 648 3729 adiiciendum:
660 3677 704 3725 sed
716 3671 777 3723 nibil
787 3672 849 3724 redit
858 3675 968 3741 reposcit
978 3676 1129 3739 praecedens
1142 3675 1244 3723 verbum

124 3756 271 3818 prouocauit.
302 3755 429 3820 Surspeatm
452 3766 551 3817 autam,
576 3772 628 3807 non
649 3759 721 3821 quasi
741 3773 793 3808 non
814 3767 840 3810 et
858 3766 962 3823 aspectu
982 3759 1096 3821 placeat,
1122 3759 1166 3806 sed
1186 3757 1246 3819 qaia

126 3849 246 3902 suspectu
262 3842 345 3903 magis
360 3841 517 3903 intelligitur.
540 3841 597 3891 Iam
613 3843 785 3906 probavimus.
803 3842 854 3893 Sed
870 3850 895 3893 et
911 3842 955 3890 lib.
968 3846 1009 3902 31,
1029 3847 1060 3890 10
1079 3839 1186 3904 [potinst
1203 3844 1245 3899 37,

127 3928 151 3983 9,
164 3930 205 3983 40,
221 3922 293 3986 123]:
309 3923 405 3987 quanda
415 3923 560 3988 praecellens
572 3923 638 3975 debet
649 3941 697 3975 esee
708 3925 733 3974 in
743 3933 851 3989 suspectu
862 3924 925 3974 uelut
935 3941 965 3974 ea
976 3920 1116 3973 carbunculo
1127 3921 1245 3987 refulqens

127 4005 225 4070 quidam
241 4007 266 4059 in
278 4024 391 4073 purpura
407 4007 487 4057 leviter
503 4025 583 4059 roseus
598 4009 667 4059 nitar.
692 4010 791 4061 Seneca
806 4020 858 4059 nat.
877 4024 901 4072 q.
917 4017 938 4070 1,
952 4015 974 4058 5.
993 4007 1055 4058 Sunt
1066 4009 1135 4056 etiam
1147 4005 1244 4070 quidam

127 4091 223 4154 colorm
235 4093 278 4156 qui
288 4109 318 4142 ex
330 4090 456 4142 interuallo
467 4093 514 4141 uim
525 4109 593 4142 suam
605 4091 735 4144 ostendunt.
753 4093 869 4158 Rupura
884 4092 968 4158 lpria,
980 4109 1026 4156 quo
1036 4090 1117 4141 melior
1128 4092 1244 4142 saturior-

128 4190 173 4237 que
184 4184 226 4238 est,
238 4192 265 4226 eo
274 4184 365 4241 oportet
375 4175 447 4226 altius
458 4184 546 4239 laruas,
558 4175 708 4241 utfulqorem
721 4193 786 4229 suum
798 4176 913 4226 scandat.
930 4175 996 4227 Cum
1008 4177 1078 4238 (licit,
1089 4191 1163 4239 eaque
1174 4191 1244 4239 quarn

1138 4326 1147 4331 “
1187 4331 1321 4466 a*
