2760 4734
183 290 224 349 tlt
671 306 811 347 onouom

182 457 285 505 lichenas
294 465 316 503 et
325 455 404 519 lepras
415 471 444 503 er
453 463 525 503 necto.
539 456 632 504 ibidem
645 452 698 515 [32,
712 453 768 516 tn]=
780 455 929 504 Xenocrates
940 462 964 503 et
975 453 1090 505 lichenas
1103 463 1130 505 ct
1138 472 1224 521 psoras
1234 456 1304 508 radiet

183 541 207 588 in
219 548 285 589 aceto
297 537 392 587 decocta
405 538 455 586 tolli
466 538 530 587 dicit.
549 539 598 589 Ubi
611 540 763 588 Vossianus:
782 538 931 587 Xenocrates
942 546 965 585 ct
979 537 1108 601 lichenas,
1123 556 1222 604 psoras,
1237 539 1306 605 lepras

182 622 269 683 radice,
282 632 328 672 cte.
347 623 413 671 Vidc
425 622 468 671 lib.
483 626 523 681 26,
539 629 550 672 1
566 620 602 683 [2,
615 619 651 682 2].
669 622 807 671 Monuernt
818 629 844 671 et
854 622 998 672 Pincianus.

215 706 279 756 Can.
291 706 379 755 XXII.
394 704 446 766 [87,
463 703 524 766 237]
543 704 602 753 Item
618 703 773 753 comitialibus
789 704 890 768 tepidum
907 720 959 753 cum
975 722 1046 755 succo
1066 706 1235 771 πωπω]
1249 710 1306 761 Vct·

181 791 244 839 sinni
256 792 305 838 duo
319 787 422 851 tepidus3
440 790 536 849 melior,
554 786 709 836 comitialibus
722 786 781 836 tedis
792 804 850 837 cum.
867 788 947 851 Lego,
960 788 1058 839 taediis
1080 791 1128 843 Sic
1140 793 1222 841 utitur
1232 807 1261 841 eo
1269 806 1306 841 m-

182 873 274 921 esbulo
288 873 330 921 lib.
345 878 385 933 23,
401 879 412 921 1
429 870 481 932 [16,
495 869 555 933 22]ε
574 871 653 935 utique
664 869 765 919 ulcerum
777 869 943 934 phapcdaenis
954 879 977 919 ct
991 874 1152 937 qarrqracuis
1163 875 1307 939 abiarmqu

183 954 266 1004 taediis
278 972 329 1004 cum
341 955 392 1003 sale
403 954 535 1004 illinuntur.
547 955 590 1004 lib.
605 961 645 1016 24,
659 962 689 1004 10
701 953 753 1016 [47,
764 956 777 1003 7
781 953 820 1017 b]:
833 954 923 1005 Succus
934 954 1038 1005 heduae
1051 957 1142 1007 taedia
1154 958 1249 1008 narium
1258 974 1307 1023 urc-

181 1039 363 1103 ceclentiamque
375 1037 489 1088 emendat.
501 1039 545 1088 lib.
559 1045 599 1099 26,
615 1045 625 1087 1
642 1037 678 1099 [3,
690 1037 731 1100 3]:
753 1035 870 1087 Oausticis
881 1054 983 1101 nomque
994 1040 1144 1103 curabatur,
1164 1041 1193 1089 ni
1202 1056 1272 1105 usquc
1280 1038 1309 1089 ai

182 1139 236 1170 csso
248 1139 331 1185 corpus
342 1130 446 1171 exustum
458 1129 524 1183 esset,
542 1120 669 1170 rebellante
682 1120 767 1170 taedio.
786 1123 884 1171 Eodem
896 1123 940 1173 lib.
953 1136 975 1171 c.
987 1129 1020 1173 tu
1030 1121 1091 1185 [86,
1108 1123 1185 1187 tce]=
1208 1125 1309 1175 thaide

181 1204 273 1269 quidem
286 1206 310 1254 iu
322 1215 387 1255 aceto
399 1204 494 1254 decocta
506 1205 576 1254 etiam
588 1213 661 1254 uestes
672 1222 698 1253 eo
710 1204 788 1254 taedio
800 1204 891 1255 liberat.

217 1289 270 1351 [87,
283 1289 344 1351 238]
363 1288 398 1337 Et
408 1290 430 1337 si
442 1289 594 1338 vehementior
604 1287 707 1350 somnus]
721 1290 782 1339 Vox
792 1305 886 1337 somnus
894 1304 948 1339 uon
960 1297 1000 1339 est
1014 1290 1042 1339 in
1052 1294 1160 1355 optimo
1171 1294 1308 1358 conspicue.

181 1375 217 1424 Ut
228 1376 340 1437 suspicer
356 1389 413 1423 eum
425 1376 552 1434 insertam,
567 1381 703 1437 postquam
720 1372 872 1422 vocabulum
883 1373 1038 1436 praecedens
1049 1375 1094 1425 sic
1110 1384 1262 1443 corruptum
1274 1378 1308 1427 eti

182 1459 319 1520 coepissem
331 1458 415 1507 Plinio
434 1466 520 1505 nutem
532 1457 620 1506 fuisse:
632 1454 668 1503 Et
678 1455 702 1503 si
712 1463 819 1504 veternus
831 1455 971 1521 letharqicos
979 1465 1089 1519 proruat

216 1540 280 1588 cnr.
293 1540 394 1589 XXIII.
409 1538 462 1601 [98,
476 1538 536 1601 261]
555 1539 582 1587 Ε
592 1537 665 1588 viridi
672 1537 759 1602 serula
776 1537 934 1602 ramusculus]
947 1539 1035 1589 Herm.
1046 1541 1200 1605 Barbarus,
1210 1542 1238 1593 It
1245 1540 1309 1593 wid

173 1621 260 1683 serula
277 1622 402 1682 amalus,
421 1624 534 1685 subiicit,
552 1631 672 1685 tunquam
688 1639 720 1673 ex
733 1624 897 1685 Dioscoride,
914 1624 981 1687 opud
1000 1638 1082 1687 quem
1098 1634 1141 1677 est
1154 1624 1306 1694 inceperim:

181 1708 283 1770 insuper
299 1720 353 1755 esse
370 1708 469 1755 codices
486 1715 572 1765 uolut,
593 1708 618 1754 in
636 1708 728 1770 quibus
745 1704 848 1755 medulla
864 1708 999 1768 scribetur,
1016 1723 1073 1757 uon
1093 1709 1219 1759 cumcuim
1234 1724 1306 1775 noque

181 1789 333 1839 ramusculus.
352 1791 420 1839 Vere
437 1790 479 1839 ille
496 1791 597 1852 quidem
610 1798 757 1854 utrumque:
774 1792 891 1853 quamvis
906 1791 1073 1841 Dioscorides
1093 1794 1179 1843 ulium
1196 1794 1306 1844 odedum

182 1876 204 1922 oi
216 1876 342 1924 medullae
355 1873 455 1934 tribunt,
468 1889 545 1937 quam
557 1874 600 1922 hie
610 1874 716 1925 Plinius.
734 1876 822 1925 Verba
833 1875 876 1924 lib.
888 1880 913 1934 3,
926 1881 966 1925 91.
987 1868 1095 1925 Τούτου
1105 1873 1225 1943 χλωροῦ
1236 1872 1306 1933 ὄντος

181 1958 197 2022 ἡ
211 1956 355 2024 inceperim]
365 1956 493 2023 πινομένη
507 1955 698 2017 alpoaroizcbe
708 1954 753 2005 nal
766 1954 920 2015 κοιλιακυὺς
931 1954 1043 2022 ὠφελεῖ.
1058 1961 1226 2011 AtPliniiin
1234 1974 1304 2011 mutn-

180 2043 273 2102 brnnis,
285 2042 458 2104 Ghiflotinnus,
471 2040 506 2089 Et
517 2041 593 2090 uiride
605 2040 705 2091 merulla
716 2041 802 2090 nuituis
814 2040 870 2090 utile
881 2049 926 2089 esa
938 2052 1047 2106 quatuor
1062 2047 1152 2095 nostri
1164 2053 1196 2095 ut
1212 2044 1264 2095 fere
1275 2059 1304 2095 cx

181 2127 232 2174 ulio
249 2134 350 2175 notant:
366 2123 393 2172 E
403 2124 478 2173 uiridi
493 2124 596 2174 medulla
613 2124 689 2174 vultui
703 2125 759 2173 utile
776 2133 811 2173 est
826 2133 849 2173 et
864 2124 899 2173 ad
913 2125 992 2175 omnia
1008 2126 1058 2174 cius
1076 2128 1151 2177 uitia:
1168 2130 1303 2181 Vossianus

119 2217 132 2263 7
137 2217 149 2263 7
154 2218 168 2261 5
181 2211 318 2273 antiquior:
331 2208 357 2256 Ε
368 2208 441 2258 viridi
451 2208 554 2259 medulla
563 2208 648 2258 uultuis
656 2208 714 2257 utile
722 2218 757 2257 est
766 2208 801 2257 ad
808 2209 888 2257 omnia
896 2225 925 2257 ea
934 2208 1001 2257 vitia.
1021 2210 1200 2261 scribendum
1209 2226 1303 2263 censeo:

180 2292 207 2342 E
221 2292 296 2342 viridi
314 2292 417 2342 medulla
433 2293 509 2342 culcis
525 2293 589 2342 utilis
605 2301 639 2342 est
654 2292 689 2342 ad
705 2292 784 2341 omrsia
805 2308 887 2341 carum
904 2292 970 2342 vitia.
991 2293 1048 2342 Nisi
1065 2296 1147 2345 etium
1164 2295 1224 2345 utile
1237 2294 1302 2347 ulti!

180 2378 335 2438 retinerent
350 2377 428 2426 Triste
442 2376 511 2440 lupus
521 2376 630 2425 stabulis.

215 2460 279 2509 (tn.
296 2462 396 2510 XXIV.
415 2459 488 2521 [1⁰0,
513 2457 574 2519 264]
596 2458 647 2509 Sed
662 2459 787 2509 discessuri
803 2462 834 2509 ab
850 2458 1004 2521 hortemrbus]
1028 2461 1073 2511 Sic
1091 2462 1232 2525 Gelenius,
1251 2478 1301 2513 cun

181 2546 320 2603 legeretur,
342 2550 396 2589 autc
418 2541 551 2592 discessum.
574 2543 656 2593 Acsd.
685 2545 751 2595 Gud.
768 2546 887 2594 Vossinni
903 2556 964 2595 tres:
985 2544 1112 2595 hortensis.
1140 2547 1301 2599 Scn'bcndum

181 2624 312 2673 hortensiis.
334 2626 376 2675 Sic
394 2627 461 2674 enim
479 2626 550 2675 solet.
570 2628 613 2675 lib.
634 2633 673 2687 19,
692 2633 706 2675 6
722 2627 774 2689 [31,
788 2626 832 2690 98]
849 2628 984 2678 Hortensius
1002 2628 1112 2678 omuibus
1124 2632 1187 2693 scre
1202 2628 1302 2695 amsla

181 2707 280 2756 radices.
293 2718 318 2758 et
330 2724 385 2772 cup.
399 2716 413 2759 8
428 2707 481 2770 [40,
496 2708 569 2771 1³2]:
585 2710 650 2759 Beta
662 2710 830 2760 hortensiorum
848 2711 965 2760 leuissima
976 2719 1017 2760 est.
1029 2714 1074 2763 lib.
1087 2720 1137 2777 21,Ι
1147 2720 1180 2765 15
1199 2714 1252 2778 [⁵⁰2
1262 2711 1300 2775 bb]

182 2792 247 2839 batia
259 2791 407 2841 hortensium.
427 2793 468 2841 Sic
482 2796 548 2841 enim
566 2795 641 2844 Voss.
656 2795 757 2845 Chiflet.
770 2796 891 2857 Pintisni,
909 2797 953 2845 ubi
970 2798 1049 2859 vulgo
1064 2795 1254 2849 hortensiauam
1263 2798 1301 2849 lib.

183 2882 223 2937 22,
237 2882 268 2925 24
288 2874 346 2937 [57,
366 2876 425 2938 119]
444 2893 456 2924 e
468 2876 572 2940 floribus
589 2879 802 2942 coronamentisque
818 2887 840 2929 et
856 2879 986 2929 hortensiis.
1003 2879 1046 2930 lib.
1059 2887 1104 2943 26,
1122 2880 1209 2945 s[to,
1222 2880 1265 2945 82]
1275 2884 1301 2933 (lt

184 2961 313 3009 crethmo:
325 2960 456 3024 speciesque
469 2968 503 3008 est
515 2961 576 3009 batis
587 2961 725 3010 hortensius.
739 2963 780 3011 Sic
792 2964 867 3027 plane
880 2964 952 3013 Voss.
965 2972 994 3013 ut
1005 2970 1031 3013 ct
1043 2964 1161 3028 cniflet,
1174 2968 1221 3017 ubi
1232 2968 1301 3017 edum

183 3046 278 3093 editum
291 3043 413 3094 hortensis.
1120 3084 1130 3101 ,

217 3126 279 3190 [In]
297 3127 401 3177 Incisam
418 3128 498 3192 lapide
510 3130 614 3178 versibus
626 3129 651 3176 iu
668 3129 746 3178 limine
757 3129 824 3179 aedis
839 3129 990 3195 Aesculapii]
1008 3132 1134 3183 Autem.
1151 3132 1223 3185 Gru.
1238 3135 1301 3185 bion.

182 3212 206 3260 iu
228 3212 306 3260 limine
323 3211 362 3260 dei
376 3213 522 3276 Aesculapii.
546 3214 679 3275 Audegcv.
702 3214 807 3262 versibus
823 3213 902 3262 limine
919 3214 961 3263 dee
977 3214 1110 3279 esculapm3
1132 3225 1160 3267 ot
1183 3233 1261 3283 super
1273 3212 1300 3267 ti

184 3295 263 3342 limine
275 3303 398 3356 notatum,
411 3295 448 3344 vel
460 3296 512 3344 line.
531 3297 678 3359 Modestius,
697 3313 772 3360 quam
785 3307 880 3363 postea,
892 3306 1016 3348 teutatem
1028 3308 1143 3351 voterem
1154 3302 1302 3368 scriptum

182 3393 318 3439 agnoscere
334 3379 406 3439 licet,
432 3394 496 3441 quac
514 3390 615 3444 superat
633 3382 659 3430 in
676 3383 814 3431 sanctiore:
835 3382 938 3430 uersibus
953 3390 977 3430 et
992 3380 1086 3431 medea
1103 3384 1221 3449 esculapi.
1241 3386 1303 3435 Hinc

183 3461 246 3511 illud
263 3459 340 3509 liruine
356 3470 452 3522 natum,
471 3466 540 3526 quod
555 3465 683 3525 ignoravit
699 3467 803 3515 Plinius.
827 3468 903 3517 Forte
918 3467 1091 3517 scribendum:
1109 3462 1214 3517 incuban
1230 3464 1303 3533 lqudu

183 3544 287 3592 versibus
308 3544 346 3593 VI
354 3545 378 3593 iu
391 3545 448 3594 aede
460 3546 606 3610 Aesculapii.

580 3744 646 3810 AD
668 3745 784 3809 LIBR.
808 3744 909 3809 XXI.

219 3882 282 3932 Can.
296 3884 316 3932 1.
331 3882 366 3945 [1,
386 3882 413 3944 2]
432 3883 568 3944 Suffieicnte
580 3883 680 3946 imapini
691 3882 792 3933 colorum
804 3883 946 3947 reddendae,
963 3884 1130 3949 mesturarum]
1142 3888 1305 3939 Annomit

184 3966 254 4015 Veu.
271 3967 364 4027 sufficit.
381 3975 435 4016 tum
451 3967 660 4029 mixturarumque.
684 3968 807 4018 Academ.
824 3967 944 4018 reddendo
960 3970 1174 4035 mixturarumque.
1199 3972 1268 4023 (tun
1282 3974 1306 4021 ct

183 4050 260 4098 Voss.
277 4051 339 4098 duo:
360 4049 494 4098 reddendae
511 4052 720 4113 mixturarumque.
744 4052 862 4116 Optimus
879 4052 1019 4114 sufficienti,
1035 4053 1107 4115 dein,
1129 4053 1271 4105 reddendae
1285 4060 1306 4103 ct

183 4131 391 4197 mixturarumque.
411 4133 540 4198 Suspicor:
557 4131 607 4183 Sed
622 4150 650 4181 nc
662 4134 760 4197 pictura
775 4135 868 4198 quidem
885 4137 1003 4198 sufficiens
1018 4135 1123 4202 inopini
1136 4136 1244 4191 colom
1255 4136 1306 4189 rud·

185 4213 275 4265 deudae
287 4226 321 4265 est
332 4217 534 4280 unieturarumque
545 4216 664 4268 varietati.
