2760 4734
419 270 538 328 'uonsd
555 280 815 327 1111111111.
831 283 949 325 xxvm.

488 544 555 617 AD
578 542 698 614 LIBR.
721 542 891 612 XXVIII.

165 692 229 742 Cas.
243 692 263 739 1.
277 687 355 752 [11111]
373 687 491 739 Remedia
502 690 627 752 auferrent
639 684 798 750 tramnersos]
818 688 895 737 Voss.
909 694 1036 735 1111111111.
1053 689 1128 739 Alter
1140 695 1253 738 auuerso.

131 774 172 824 Sic
185 777 229 824 lib.
243 781 288 833 21,
302 782 317 824 4
331 772 390 835 [10,
403 771 462 835 21]:
480 771 607 821 1111111111
623 787 721 836 quoque,
738 780 764 820 ut
780 771 847 831 vites,
864 771 949 834 optim
966 770 1123 835 ocpssimeque
1135 773 1252 834 prouenit.

129 857 173 906 lib.
187 863 226 918 29,
240 865 255 908 3
269 857 322 919 [10,
336 855 394 919 ³5]:
408 855 481 904 donec
492 854 598 905 candida
607 855 661 917 fiat
671 873 701 905 ac
714 854 841 904 tralucido.
860 856 961 905 Eodem
973 856 1016 904 lib.
1030 869 1086 919 cap.
1099 861 1114 902 4
1128 853 1181 916 [27‚
1195 854 1252 918 31];

130 937 285 1004 distinpuente
303 940 366 989 linea
377 940 435 989 alba
447 948 470 988 et
481 949 611 990 1111111111
624 939 710 990 altera.
730 941 775 989 lib.
789 945 830 999 31,
846 944 858 990 7
874 937 927 1000 [33,
939 936 984 1000 80]
999 937 1074 1003 plebis
1087 955 1164 1002 paene
1180 939 1264 989 tralu·‘

130 1022 239 1072 centibus.
267 1026 410 1088 ibidemque
427 1022 558 1072 tralucidus
574 1031 597 1072 et
612 1022 798 1073 odoratissimum
821 1024 866 1072 lib.
884 1028 929 1082 33,
948 1028 964 1072 3
982 1019 1039 1084 [83,
1059 1020 1119 1085 101]
1136 1021 1255 1072 candidae

130 1105 277 1169 nitentesque,
288 1124 333 1156 non
346 1115 423 1156 tamen
433 1106 581 1156 tralucentes.
599 1108 699 1157 Eodem
708 1107 774 1156 libro
786 1119 840 1170 eap.
853 1111 868 1155 9
879 1104 932 1168 [43,
945 1103 1005 1167 129]
1017 1103 1131 1169 depressa
1140 1121 1172 1153 an
1182 1105 1254 1168 elota,

132 1196 240 1238 traversa
256 1207 289 1238 un
305 1190 410 1253 obliqua.
428 1192 527 1251 111135,
542 1196 571 1240 11
587 1188 730 1252 [40,1se]:
746 1188 871 1239 adversum
889 1204 938 1237 eum
954 1189 1042 1251 pinsit,
1059 1205 1104 1237 non
1118 1197 1253 1240 1111111111.

129 1274 173 1322 lib.
190 1280 236 1335 35,
256 1282 287 1324 14
305 1274 363 1336 [49,
384 1272 456 1335 173]1
480 1272 594 1322 tralatam
612 1271 689 1327 tumen
705 1273 783 1337 inopis
800 1273 955 1322 mirabantur.
984 1273 1027 1322 lib.
1045 1280 1090 1335 38,
1111 1281 1125 1324 8
1144 1273 1253 1338 [potiusz

129 1361 171 1415 36,
185 1361 209 1416 3,
224 1363 263 1417 12,
278 1356 322 1418 61]
335 1355 449 1404 maculosi
459 1363 529 1418 atque
546 1371 592 1404 non
605 1354 722 1406 tralucidi.
741 1357 784 1407 Sic
796 1357 914 1406 omnibus
927 1357 967 1406 his
979 1357 1043 1406 11111
1060 1357 1124 1406 liber
1135 1360 1253 1420 optimus.

165 1437 201 1499 [2‚
215 1438 242 1499 4]
267 1439 299 1487 Ut
311 1439 439 1486 moendbru
451 1434 545 1502 poculis
561 1438 690 1509 comitiales
701 1439 790 1502 morbi]
809 1441 852 1491 Sic
864 1439 994 1501 Gelenius,
1011 1456 1068 1489 cum
1081 1443 1208 1491 ederetur:
1225 1450 1251 1491 ut

130 1523 256 1571 bibentibus
269 1521 366 1585 populis
379 1521 465 1584 procul
480 1522 528 1570 sint
543 1521 673 1571 comitiales
684 1523 765 1572 morbi.
787 1524 920 1572 Pintianus
932 1524 1052 1573 reddiditr
1069 1531 1095 1571 ut
1107 1524 1193 1588 mucul
1207 1525 1255 1574 sint

129 1605 257 1654 comitiales
268 1605 351 1664 morbi,
369 1607 463 1655 extrito
481 1602 522 1669 τῷ
537 1605 677 1672 bibentibus:
694 1621 753 1656 cum
768 1607 796 1655 in
812 1606 905 1670 scripto
922 1607 1067 1669 reperisset:
1084 1615 1110 1656 ut
1126 1609 1255 1658 bibentibus

126 1690 221 1753 populis
238 1689 366 1739 comitiales
381 1689 467 1738 morbi:
484 1691 554 1752 qaod
571 1691 647 1740 etiam
664 1691 691 1739 in
708 1690 809 1741 chium
827 1698 953 1740 notatum.
973 1690 1088 1752 Quatuor
1103 1705 1180 1754 penes
1196 1707 1253 1743 nos:

130 1781 155 1821 ut
167 1774 292 1825 bibentibus
306 1773 391 1837 procul
405 1772 453 1821 sint
465 1771 596 1821 comitiales
607 1773 691 1822 morbi.
708 1774 958 1824 Praestantissimum
974 1781 1001 1820 ut
1017 1773 1146 1823 uiuennbus
1157 1773 1254 1837 populis

129 1857 257 1906 comitiales
273 1857 356 1906 morbi.
379 1857 507 1908 coniicias
526 1855 672 1920 Sanpuinem
689 1872 780 1920 quoque
794 1855 957 1920 obstinatorum
974 1855 1062 1918 bibunt,
1079 1864 1105 1905 ut
1120 1857 1253 1907 iuvantibus

127 1941 225 2005 poculis,
241 1940 370 1990 comitiales
385 1940 465 1989 morbi.
491 1941 613 1990 Fortasse
628 1955 758 1991 morosum
773 1941 858 1990 minus
874 1941 952 1989 alicui
968 1940 1106 1990 videretur:
1128 1948 1154 1989 ut
1168 1941 1252 1990 iuuan-

130 2026 190 2074 tibus
202 2023 295 2088 poculis
311 2023 439 2073 comitiales
455 2024 552 2072 morbos.
576 2023 627 2075 Sed
644 2024 704 2087 quia
721 2039 809 2073 omnes
826 2023 912 2086 scripti
928 2023 1017 2073 forent
1032 2021 1064 2072 τὸ
1084 2025 1167 2085 morbi,
1185 2033 1210 2075 11
1225 2027 1251 2074 id

130 2111 234 2159 dictioni
248 2110 324 2159 Plinii
340 2110 401 2160 11111
415 2109 545 2170 congruit,
562 2107 627 2157 illud
642 2106 769 2172 praeiere.
799 2104 935 2156 (lanitiales
951 2107 1038 2167 morbi,
1054 2109 1149 2171 inquit,
1165 2110 1191 2159 id
1208 2117 1253 2170 est,

130 2194 251 2244 comitiali
262 2194 331 2244 malo
343 2191 446 2252 adiecti,
462 2192 611 2254 saugdinem
624 2205 726 2254 quoque
737 2191 828 2240 bibunt
839 2191 1020 2254 gladiatorum,
1037 2199 1159 2254 tanquam
1171 2192 1253 2241 invon-

131 2275 192 2324 tibus
200 2275 299 2338 poculis,
312 2278 431 2326 adversus
443 2276 497 2324 eius
509 2274 591 2324 morbi
604 2275 739 2325 diritatem.

165 2358 200 2421 [2,
214 2357 241 2421 3]
260 2359 343 2422 Aeque
353 2358 451 2408 moriere
463 2359 541 2417 1111111,
558 2373 609 2407 cum
621 2357 757 2421 obscoenus]
776 2359 911 2408 Pintianus
923 2373 937 2407 1
949 2360 1003 2408 sod.
1016 2373 1063 2408 suo
1075 2359 1166 2421 probat
1182 2374 1252 2421 quum

129 2444 264 2492 obscoenus:
286 2452 314 2493 ut
330 2451 356 2492 11
373 2451 412 2493 eet
427 2442 454 2491 in
470 2442 611 2492 Vossiano:
632 2449 718 2492 tamen
735 2457 766 2491 11
780 2443 907 2506 particula
927 2442 1013 2492 locum
1031 2443 1073 2491 hic
1090 2443 1183 2493 habere
1198 2457 1252 2492 non

128 2529 234 2577 videtur.
251 2527 310 2577 Hoc
321 2528 387 2576 enim
400 2527 469 2588 dicit,
481 2539 535 2575 non
547 2525 630 2587 magis
641 2525 697 2574 fore
709 2534 738 2575 ut
750 2533 856 2575 mortem
869 2527 983 2589 effugiat,
996 2528 1039 2590 qui
1050 2526 1163 2590 proferre
1174 2528 1251 2578 ritum

129 2611 177 2660 sibi
194 2611 310 2659 videatur
325 2610 466 2660 obscoenus
482 2617 527 2659 aut
541 2607 667 2658 nefandus
684 2609 717 2657 ob
729 2610 887 2673 Thyestaeas
905 2612 994 2674 epulas
1012 2620 1057 2660 aut
1074 2612 1108 2660 ob
1120 2612 1251 2662 hommem

130 2695 282 2757 impensum,
300 2708 378 2757 quam
395 2693 416 2743 si
428 2693 562 2743 mansisset
572 2703 651 2755 purus
664 2672 692 2742 el
701 2694 785 2742 anima
797 2701 885 2743 sancta
896 2702 974 2756 atque
988 2695 1061 2744 istius
1073 2695 1162 2759 cnlpae
1173 2696 1252 2745 inscia

130 2780 298 2828 descendisset
309 2780 342 2827 ad
353 2790 449 2827 manea.
466 2777 546 2826 Recte
558 2776 636 2838 igitur
646 2792 717 2839 quum
731 2778 772 2827 vel
788 2793 838 2826 cnm
855 2779 915 2828 inde
930 2777 1054 2828 feceruut.
1072 2779 1184 2829 Facilius
1200 2778 1250 2826 ler-

129 2877 182 2910 rem
194 2858 225 2909 τὸ
239 2877 318 2924 quam,
331 2861 353 2910 si
364 2857 395 2908 τὸ
410 2858 480 2908 etium
492 2862 598 2911 abesset.

165 2942 385 3007 ess.11.[s,1o]
408 2942 480 3001 Quod
488 2942 511 2991 si
525 2959 604 2992 amum
616 2950 658 3004 est,
676 2941 764 2991 leomini
779 2952 898 3006 acceptum
908 2945 978 3007 sarri
992 2943 1112 3005 oportere]
1130 2944 1250 2993 Vossiani

129 3040 187 3086 ues,
200 3028 267 3078 Gud.
291 3028 372 3077 Acad.
385 3034 503 3090 acceptum
513 3026 577 3089 fieri
589 3032 703 3088 oportere.
726 3026 762 3074 sic
773 3025 816 3075 lib.
830 3031 870 3086 34,
886 3032 917 3075 14
931 3023 985 3087 [33,
1001 3023 1075 3086 133]1
1092 3024 1249 3082 Quamobrem

128 3109 201 3171 culpa
215 3111 264 3158 eius
278 3125 324 3157 non
339 3117 441 3159 naturae
450 3110 503 3173 fiat
519 3116 624 3172 accepta.
648 3116 674 3157 et
689 3111 778 3157 ecdem
794 3107 823 3169 [l.
836 3123 891 3172 cap.
904 3115 944 3169 41,
960 3106 1032 3168 ltuJ:
1051 3106 1081 3156 In
1096 3105 1251 3172 Cappadocia

130 3200 219 3241 tantum
232 3193 337 3254 quaestio
348 3201 389 3254 est,
401 3209 478 3257 aquae
490 3201 534 3241 aut
545 3200 622 3240 terras
631 3189 684 3253 fiat
695 3198 821 3254 acceptum.
839 3192 882 3240 lib.
895 3198 919 3252 8,
934 3197 963 3241 11
978 3189 1031 3253 [22,
1042 3190 1100 3253 61]:
1112 3191 1178 3241 Nam
1190 3207 1251 3254 qnae

129 3275 158 3323 de
170 3275 302 3339 irffuntibus
311 3277 424 3339 serarum
441 3276 501 3326 lacte
518 3275 622 3337 nutritis,
640 3291 690 3323 cum
703 3282 778 3322 essent
793 3274 901 3337 expositi,
915 3273 1057 3338 produntur,
1075 3274 1135 3325 siem
1152 3275 1181 3325 de
1197 3293 1250 3326 con-

129 3358 243 3409 ditoribus
255 3360 341 3408 nostris
352 3376 372 3409 1
380 3359 445 3425 lupa,
463 3358 623 3424 rnapnitudini
630 3359 741 3422 satorum
753 3365 852 3422 occepta
861 3358 925 3420 fieri
936 3359 1040 3422 aequius,
1058 3376 1129 3423 quum
1138 3361 1250 3424 suarum

128 3451 237 3502 naturae,
248 3442 360 3493 arbitror.
378 3445 421 3494 Sic
432 3444 501 3493 enim
513 3443 613 3493 (11111111.
627 3452 652 3493 11
662 3443 782 3493 Vossiaui
795 3444 854 3503 duo,
867 3443 911 3492 ubi
922 3443 999 3506 vulgo
1012 3446 1088 3495 etiam
1098 3445 1173 3508 ferri.
1192 3445 1250 3495 Scio

128 3537 213 3576 tamen
225 3528 268 3576 lib.
282 3533 306 3588 2,
320 3534 332 3578 7
347 3524 384 3589 [5,
397 3525 454 3589 23]:
471 3526 524 3576 leuic
535 3527 615 3575 omnia
626 3542 736 3589 expensa,
749 3525 801 3574 leuia
810 3527 926 3588 seruntur
942 3537 1046 3592 accepta.
1070 3538 1095 3578 et
1106 3529 1150 3577 lib.
1165 3535 1204 3589 12,
1219 3536 1249 3577 18

128 3607 181 3670 [41,
195 3606 252 3669 82]:
270 3626 330 3673 quae
342 3610 384 3660 boe
395 3618 513 3674 acceptum
524 3610 616 3674 superis
621 3651 625 3659 .
625 3611 704 3673 ferat.
727 3611 825 3660 Plinius
837 3611 902 3661 alter
913 3613 957 3661 lib.
971 3619 994 3661 2.
1008 3613 1078 3674 epist
1092 3619 1107 3659 4
1121 3608 1250 3672 [211111-

127 3691 188 3754 quid
203 3693 261 3741 milii
274 3703 347 3757 pater
365 3693 520 3755 tumulabant,
538 3703 658 3757 acceptum
676 3694 719 3742 tibi
726 3693 796 3756 ferri
811 3695 885 3742 iubeo.
915 3697 967 3746 Ubi
984 3705 1070 3744 tamen
1086 3693 1250 3742 membranae

126 3778 209 3826 Acad.
226 3792 277 3826 non
293 3780 459 3842 spemeudae‚
477 3787 596 3841 acceptum
615 3776 658 3826 tibi
665 3777 735 3840 fieri.
758 3778 824 3827 Nam
838 3787 863 3827 et
875 3781 911 3828 sic
922 3779 966 3827 lib.
981 3784 1003 3827 3.
1022 3778 1095 3840 epist.
1108 3783 1141 3827 ³4
1154 3775 1207 3838 [³]:
1227 3783 1250 3824 tu

128 3869 204 3907 tamen
217 3861 331 3923 meruisti,
344 3871 370 3910 ut
381 3870 499 3926 acceptum
512 3861 554 3910 nbi
562 3863 643 3925 ficret.

162 3942 251 4005 [Ibid]
274 3944 368 4009 Quippe
379 3946 486 3995 uictimas
498 3944 568 3995 caedi
578 3945 629 3994 sine
642 3945 779 4009 precatione
795 3961 840 3993 non
858 3943 948 3994 uidetur
965 3942 1062 4004 referre,
1079 3958 1120 3991 nec
1136 3940 1191 3990 deos
1206 3942 1250 3989 rite
1266 3948 1313 3994 798

126 4026 228 4089 consuls]
246 4028 318 4079 Haeo
335 4045 391 4081 esse
407 4031 598 4095 corruptissima
615 4031 743 4080 exclamat
755 4030 894 4080 Salmasius
911 4029 942 4076 ad
957 4027 1073 4078 Soliuum
1090 4031 1249 4090 1531111

126 4115 278 4162 sententiam
290 4114 378 4176 ullam,
394 4115 463 4164 bona
479 4129 544 4177 quae
560 4115 600 4176 sit,
619 4113 729 4164 efficere:
746 4123 843 4163 veteres
860 4113 939 4162 libros
952 4124 1042 4160 omnes
1054 4111 1147 4173 legere,
1163 4109 1252 4170 referri

1027 4192 1048 4252 4
