2760 4734
168 235 229 296 112
285 196 292 206 =
657 252 798 293 eaouovr

201 403 255 468 [24,
267 401 326 464 lll]
341 402 444 460 Quorum
455 402 513 466 apri
523 417 613 464 quoque
624 402 735 450 minorem
747 400 840 450 modum
852 401 971 450 obtinuere
981 417 1053 464 quam
1065 400 1167 450 celloeia
1176 402 1289 468 ιἰιονιιιιι]

167 489 331 540 Astarten.
344 487 449 538 etGud.
462 502 533 549 quam
549 484 661 534 sellarnae
676 485 782 534 uorum
799 486 895 535 Noster
904 487 923 534 l.
936 493 977 546 34,
991 492 1006 535 8
1020 483 1146 548 [19,ss]:
1160 486 1242 550 Atque
1258 505 1290 536 ea

166 572 279 632 omnibus,
295 587 357 634 quae
371 569 449 632 retuli,
463 569 598 618 clarissima
609 585 714 632 quaeque
725 569 773 618 eam
784 577 839 617 suut
855 567 936 618 dicata
947 585 964 617 a
984 569 1130 633 Vespasiano
1137 571 1246 634 principe
1263 573 1290 620 in

167 653 250 719 templo
261 654 336 704 Pacis
346 653 448 717 ubisque
459 654 507 702 eius
519 652 634 717 operibus,
650 652 763 701 uiolentus
774 652 880 703 Neronis
891 653 916 701 in
927 655 1007 703 urbem
1019 662 1130 702 commta
1141 663 1164 702 et
1179 655 1205 702 in
1215 655 1288 706 sella-

166 740 209 788 riis
226 737 306 787 domus
322 754 410 786 aureae
425 736 547 801 disposita.
574 737 617 788 Sic
633 739 786 788 Vossianus:
803 738 894 800 vulgo,
911 754 1016 801 quaeque
1036 738 1061 786 in
1082 739 1140 786 urbe
1162 739 1209 786 ianr
1226 750 1287 789 sunt.

167 824 217 874 Sed
229 823 285 887 quis
297 838 350 872 uon
361 823 438 884 ridet,
451 838 527 886 quam
540 823 586 870 illa
597 823 648 872 siut
659 822 832 886 supervacua?

520 1019 587 1084 AD
609 1019 726 1084 LIBR.
748 1018 939 1084 XXXVII.

202 1160 280 1224 [Car.
292 1164 326 1213 X.
340 1159 393 1223 [60,
409 1158 469 1220 lta]
482 1159 598 1209 Humana
608 1160 705 1223 qemmis
716 1160 826 1208 attribuit
834 1160 904 1222 sata.
923 1157 968 1206 bas
979 1175 1025 1206 non
1037 1158 1168 1222 contentus]
1187 1161 1287 1212 Salma-

166 1250 217 1298 sius
233 1249 264 1297 ad
277 1247 393 1297 Solinum
409 1261 434 1309 p,
447 1248 505 1294 408.
522 1245 574 1306 legi
590 1245 727 1308 praecipit:
745 1242 850 1291 bumana
866 1241 964 1306 qemmis
980 1242 1112 1291 attribuens
1120 1245 1208 1307 sacta‚·
1226 1245 1289 1294 barne

167 1348 213 1380 non
224 1338 342 1379 conantur
353 1327 469 1378 oculorum
481 1336 504 1376 et
515 1327 641 1377 iocinorum
653 1327 770 1376 medicina
781 1326 910 1388 decorasse,
927 1343 945 1374 a
960 1342 1014 1391 reqe
1030 1327 1102 1375 etiam
1119 1327 1213 1392 aliquid
1225 1332 1288 1393 peti.

167 1416 228 1464 turis
244 1413 309 1463 dedit
325 1420 348 1460 et
364 1412 443 1461 litibus
460 1410 602 1474 iudiciisque
618 1411 764 1476 interposuit.
784 1412 870 1473 Quasi,
887 1413 978 1474 inquit,
994 1420 1020 1461 et
1036 1427 1152 1474 gemme
1169 1415 1287 1464 humanis

166 1501 240 1550 sactis
257 1507 407 1548 censeantur
428 1505 452 1547 et
473 1497 539 1546 idem
558 1497 655 1559 possint
671 1505 798 1560 praestare
820 1499 889 1559 quod
907 1496 1033 1558 homines,
1054 1498 1121 1546 hauc
1137 1502 1242 1549 eandem
1260 1501 1286 1548 in

167 1584 263 1632 iudiciis
275 1583 382 1631 multum
400 1596 474 1644 posse
491 1588 517 1628 et
532 1582 656 1643 petituros
668 1581 764 1642 aliquid
780 1594 796 1628 a
811 1594 872 1642 rege
884 1583 1062 1630 commendare
1072 1584 1179 1632 tradidit
1196 1583 1287 1647 Neque

167 1681 228 1717 sane
240 1666 313 1715 aliter
325 1675 383 1724 tres,
398 1665 440 1728 qui
452 1664 515 1712 mihi
527 1666 574 1714 sub
586 1679 674 1713 manu:
689 1675 714 1713 et
724 1680 776 1714 uon
789 1665 831 1713 hic
843 1667 926 1725 modo,
939 1666 981 1713 sed
995 1666 1072 1714 etiam
1082 1667 1167 1715 statim
1179 1667 1203 1714 in
1212 1685 1286 1730 prac-
1361 1702 1367 1707 -

168 1749 208 1800 liis
220 1750 291 1798 etiam
303 1765 332 1797 es
344 1765 374 1797 ea
385 1748 444 1812 unqi
452 1747 559 1796 salutare
571 1747 734 1811 pronuntiant.
754 1748 829 1809 Quod
847 1750 929 1813 ipsum
947 1750 996 1798 iam
1011 1751 1103 1798 editum
1119 1751 1146 1799 in
1161 1753 1285 1815 margine,

166 1844 196 1885 ut
207 1843 232 1884 et
243 1835 295 1894 illa,
310 1848 374 1896 quae
385 1831 496 1897 praefert
507 1832 654 1882 Salmasius.
672 1834 707 1882 Et
719 1842 818 1882 caetera
829 1832 905 1881 facile
917 1834 1073 1883 admiserim:
1090 1836 1171 1885 stubi
1183 1839 1285 1898 quaeri-

166 1927 214 1977 tur,
226 1927 310 1968 utrum
320 1916 382 1978 sata
393 1918 425 1967 sit
435 1917 596 1980 probandum
608 1931 640 1966 an
649 1917 732 1979 sacta,
745 1931 796 1965 non
808 1925 861 1966 tam
872 1917 1025 1980 promiscuis
1037 1918 1196 1978 membranis,
1209 1935 1285 1980 quam

166 2003 257 2052 rationi
270 2011 295 2051 et
306 2001 428 2050 materiae
441 2002 507 2050 dicto
520 2001 623 2052 audieus
635 1999 734 2049 fuerim.
752 2001 824 2050 Nihil
836 2002 903 2050 enim
914 2000 1068 2064 frequentius
1080 2002 1192 2063 inventu,
1210 2017 1285 2065 quam

167 2089 230 2136 haec
241 2089 291 2135 duo
302 2086 426 2135 vocabula
437 2085 568 2135 miscuisse
579 2085 704 2145 librarios,
721 2093 746 2134 et
761 2086 788 2133 in
803 2093 860 2134 utro
878 2087 1090 2149 conquiescerent,
1107 2088 1217 2137 incertos
1234 2103 1286 2137 ccr-

166 2183 240 2221 tasse.
258 2170 328 2232 Ergo
339 2185 418 2233 quum
429 2183 549 2233 praesens
561 2177 739 2232 argumentum
752 2171 892 2229 considero,
904 2170 967 2218 nihil
983 2171 1046 2219 mihi
1059 2185 1117 2219 cum
1127 2171 1207 2233 factes
1219 2173 1286 2222 istis:

158 2255 221 2317 sata
236 2262 321 2304 autem
337 2255 465 2318 scripsisse
477 2254 589 2303 Plinium
605 2268 650 2316 pro
667 2254 804 2316 explorato
823 2254 911 2302 habeo.
936 2253 1001 2304 Sunt
1017 2255 1085 2303 enim
1100 2271 1286 2319 nonnunquam

157 2340 220 2402 sata
232 2354 305 2395 casus
318 2346 342 2387 et
354 2347 458 2387 eventus
470 2336 577 2398 fortuiti,
596 2339 639 2400 qui
651 2339 691 2386 vel
704 2353 737 2386 ex
749 2339 873 2386 sententia
889 2337 929 2386 vel
941 2353 1015 2388 secus
1025 2338 1173 2388 bominibus
1186 2342 1286 2388 coutin-

165 2432 236 2485 gunt,
248 2437 281 2471 ex
293 2424 384 2486 quibus
396 2422 519 2471 fortunati
530 2431 574 2470 aut
585 2421 697 2470 infelices
709 2423 787 2484 vulgo
799 2422 951 2471 iudicantur.
968 2422 1062 2471 Notare
1074 2423 1154 2470 multa
1167 2430 1206 2471 est
1218 2424 1286 2472 eius-

165 2507 222 2556 dem
238 2507 357 2556 vanitatis
373 2521 506 2569 magorum
522 2507 589 2569 apud
605 2515 729 2555 nostrum.
753 2505 795 2555 Sic
805 2507 848 2555 lib.
863 2512 903 2566 21,
918 2510 931 2556 7
946 2504 998 2567 [2ο,
1011 2487 1194 2566 sak—Vestibus
1211 2506 1286 2554 iuter-

163 2589 222 2654 poni
231 2606 282 2637 eam
293 2589 462 2653 qratissimunn,
479 2589 541 2638 sicut
551 2598 573 2637 et
587 2589 667 2652 polion
679 2589 774 2638 barbam
792 2589 897 2638 inclitam
909 2589 1008 2639 Musaei
1018 2598 1040 2638 et
1050 2588 1152 2640 Hesiodi
1168 2590 1285 2642 laudibus.

164 2673 200 2722 ad
215 2673 293 2722 omnia
308 2673 385 2722 utilem
399 2673 598 2738 praedicantium,
617 2690 732 2738 superque
747 2682 843 2722 caetera
858 2673 893 2722 ad
907 2675 999 2734 faniam
1017 2674 1087 2722 ettam
1104 2691 1134 2722 ac
1151 2672 1286 2738 diqnitates.

164 2760 263 2808 Eodem
275 2758 340 2806 libro
353 2772 407 2820 cap.
423 2764 450 2807 ll
467 2757 520 2820 [38,
533 2756 591 2819 66]=
607 2756 751 2808 Gauliculum
763 2774 854 2821 quoque
865 2756 955 2824 (habet
967 2758 1158 2822 heliochrysos)
1166 2759 1286 2823 qracilem,

163 2840 207 2891 sed
218 2840 309 2891 durum.
327 2839 370 2889 boc
381 2856 497 2889 emanare
508 2857 533 2890 se
544 2841 617 2905 maqi,
633 2841 657 2888 si
670 2849 692 2889 et
708 2848 827 2904 unquenta
844 2850 967 2890 sumantur
983 2858 1012 2889 es
1029 2857 1097 2903 auro,
1116 2842 1180 2905 quod
1194 2861 1286 2909 apyron

164 2934 256 2986 uocant,
273 2923 308 2974 ud
321 2923 426 2989 qratiam
439 2939 528 2987 quoque
540 2923 603 2972 oitae
613 2922 761 2987 qloriarnque
773 2924 893 2988 pertinere
905 2925 1059 2975 arbitrantur.
1078 2927 1176 2976 Rursus
1194 2929 1285 2991 eqdem

164 3011 230 3061 libro
242 3024 297 3075 cap.
311 3016 340 3060 21
356 3008 409 3072 [9],
425 3007 484 3070 159]
498 3012 528 3059 de
542 3009 654 3058 helenio:
671 3009 764 3058 Putant
775 3025 817 3057 usu
829 3009 879 3056 eius
891 3007 1011 3071 quandam
1022 3010 1126 3073 qratiam
1139 3010 1170 3058 iis
1183 3009 1286 3072 (mulie-

164 3093 245 3157 ribus)
258 3109 407 3156 veneremque
418 3091 549 3142 conciliari.
568 3093 668 3143 chiflet.
678 3101 703 3142 et
712 3094 789 3142 Voss.
802 3091 922 3155 quandam
934 3094 970 3142 ita
979 3094 1095 3157 qratiam.
1113 3095 1197 3158 Leges
1209 3111 1285 3157 quan-

164 3177 219 3227 dam
231 3179 293 3227 vitae
303 3178 417 3243 qratiam.
435 3179 491 3228 Lib.
505 3183 544 3238 24,
560 3181 589 3226 17
605 3176 675 3239 [¹⁰22
692 3175 763 3238 165]:
780 3175 890 3225 Eandem
901 3177 1079 3240 praemodicum,
1098 3195 1146 3242 qua
1155 3178 1286 3241 primatum

164 3261 230 3326 apud
240 3279 307 3327 reqes
318 3263 443 3312 obtineant.
461 3263 518 3311 Lib.
532 3266 571 3322 28,
586 3269 600 3312 8
614 3260 667 3324 [27,
682 3259 753 3322 106];
767 3261 845 3324 Super
857 3261 936 3310 omnia
948 3270 988 3321 est,
1001 3260 1066 3324 quod
1076 3269 1203 3309 extremam
1210 3265 1286 3323 fisur-

165 3345 212 3394 lam
225 3346 329 3394 intestini
338 3354 420 3394 contra
432 3343 515 3394 ducum
527 3361 557 3393 oc
571 3348 711 3408 pbtestotum
725 3338 877 3406 ‘iniquitatem
893 3353 1077 3394 commonstrant
1088 3353 1110 3393 et
1120 3344 1155 3392 ad
1164 3361 1286 3394 successus

161 3428 298 3493 petitionum
308 3428 493 3492 iudiciorumque
502 3446 531 3478 ac
541 3429 614 3478 litium
624 3437 726 3478 euentus.
736 3430 793 3479 Lib.
802 3437 863 3489 29,4
873 3429 925 3492 [19,
933 3429 991 3493 66]ι
1005 3430 1153 3480 Tribuuntei
1162 3430 1285 3492 (basilisci

165 3512 295 3578 sanguini)
304 3521 451 3562 etsuccessus
461 3513 598 3577 petitionum
613 3529 629 3561 a
639 3515 801 3577 potestatibus.
819 3515 885 3564 Mox
896 3513 948 3576 [2ο,
961 3513 1018 3576 67]:
1027 3515 1134 3564 Primum
1144 3514 1285 3580 spondylum

165 3597 307 3661 (draconis)
319 3595 399 3646 aditus
412 3604 553 3661 potestatum
565 3596 671 3648 mulcere.
689 3599 780 3647 Dentes
791 3599 841 3647 eius
852 3597 960 3662 illiqotos
967 3599 1069 3662 pellibus
1082 3615 1222 3662 caprearum
1235 3616 1286 3648 cer-

165 3684 226 3733 vinis
242 3683 320 3732 navis
336 3682 402 3731 mites
415 3689 542 3746 praestare
558 3679 662 3730 dominos
676 3690 848 3746 potestatesque
863 3682 1000 3733 exorabiles.
1027 3685 1141 3734 Haecine
1159 3693 1186 3733 tu
1208 3685 1286 3743 dices,

165 3767 256 3825 herbis,
273 3768 387 3830 gemmis,
404 3768 517 3831 partibus
530 3768 642 3830 corporis
659 3755 806 3816 animalium
824 3766 924 3814 attribui
938 3765 1042 3815 bumana
1051 3768 1145 3830 factal
1163 3767 1222 3817 Nou
1236 3781 1285 3829 ego
1332 3799 1341 3827 ,

165 3851 288 3913 prolecto,
306 3853 349 3900 sed
359 3852 432 3913 fata:
449 3852 475 3900 id
493 3860 538 3912 est,
556 3838 644 3914 ut'per
656 3866 697 3900 eas
714 3866 835 3914 gemmas,
852 3851 943 3901 herbas
961 3860 1007 3900 etc.
1025 3857 1141 3900 votorum
1154 3858 1286 3925 cqmpotes

164 3935 234 3994 ssent,
252 3943 287 3992 ut,
305 3950 411 3998 quorum
429 3936 523 3998 alioqui
539 3936 660 3997 ambigua
676 3937 748 3984 lance
765 3935 859 3999 pendet
874 3950 931 3998 spes
947 3944 972 3984 et
989 3935 1099 3995 fortuna,
1121 3935 1150 3983 iis
1170 3949 1216 3998 per
1236 3936 1286 3982 ista

165 4027 321 4067 momentum
334 4022 438 4068 accedat
449 4022 481 4069 ad
493 4021 573 4069 bonos
586 4030 689 4069 eventus
702 4035 795 4079 eorum,
813 4033 879 4082 quae
897 4020 1043 4080 moliuntur,
1062 4028 1138 4082 atque
1155 4016 1285 4068 adiuuem

166 4103 226 4150 dum
239 4103 340 4164 optatis.
360 4101 401 4152 Sic
412 4104 531 4154 Lucanus
543 4105 586 4154 lib.
600 4112 614 4153 2
629 4100 675 4163 [vs.
693 4100 764 4163 131]:
