2760 4734
562 308 807 352 PBOLBGOHENA·
1195 308 1251 351 xm

127 479 253 535 manus,
277 468 313 521 ut
335 477 427 521 curas
449 456 618 534 secundas,
641 479 721 540 quas
737 455 874 542 scriptor
889 466 1019 521 exarato
1040 478 1059 521 a
1082 477 1117 521 se
1140 477 1250 522 exem·

126 567 209 653 plari
231 565 387 644 adhibuit,
410 587 429 630 a
450 565 613 652 primitiva
634 565 816 652 scriptione,
847 575 882 629 ut
906 565 952 631 ita
977 565 1130 643 dicamus,
1153 564 1249 651 plane

127 676 407 763 distingueremus.

173 786 214 851 In
235 787 330 863 notis,
351 808 431 870 quas
454 785 556 851 textui
579 785 783 863 subiecimus,
804 786 918 851 iisdem
940 786 990 852 usi
1014 809 1124 851 sumus
1148 786 1250 872 siglis,

126 896 248 980 quibus
267 896 362 982 Sittip
383 918 462 961 usus
485 908 534 961 est
554 895 588 960 in
605 895 696 961 codd.
712 917 788 960 mss.
804 905 836 961 et
850 895 1042 961 editionibus
1065 895 1250 981 significan·

127 1005 190 1071 dis.
221 1003 305 1072 Cum
327 1006 360 1070 in
381 1005 468 1072 hisee
490 1005 724 1094 prolegomenis
746 1005 787 1070 de
816 1005 923 1091 siglis,
953 1005 1099 1092 lapsibus
1127 1007 1250 1084 calami,

128 1115 291 1182 erroribus
312 1115 473 1200 antiquari
495 1139 553 1202 pro
575 1114 688 1180 consili
709 1115 832 1180 ratione
859 1114 990 1181 uberius
1016 1116 1187 1202 egerimus,
1209 1116 1250 1203 de

127 1224 178 1290 his
204 1225 302 1291 rebus
331 1225 364 1289 in
390 1225 477 1290 notis
497 1225 625 1312 paroius
651 1224 774 1289 dictum
802 1236 851 1289 est
858 1251 867 1303 3
895 1225 1002 1310 itaque
1031 1249 1128 1312 saepe
1155 1209 1251 1292 verbo

129 1337 234 1401 solum
265 1336 461 1414 monuimus,
493 1357 576 1420 quae
608 1334 824 1421 discrepantia
851 1335 1028 1400 intercedat
1054 1335 1137 1402 inter
1165 1336 1251 1402 huno

128 1447 374 1533 palimpsestum
388 1458 419 1513 et
433 1446 515 1512 inter
530 1445 700 1511 editionem
716 1441 926 1530 Silligiauam.
949 1444 1075 1510 Eadem
1098 1469 1138 1510 ex
1152 1445 1250 1512 causa

129 1555 255 1622 silentio
280 1555 556 1642 praetermisimus
583 1554 740 1620 eiusmodi
762 1554 960 1632 varietatem,
987 1555 1042 1620 ubi
1068 1555 1162 1642 Sittiq
1192 1581 1249 1621 an·

128 1666 281 1750 tiquiores
313 1664 454 1731 restituit
484 1665 612 1743 formas,
647 1687 675 1728 e.
708 1690 740 1752 g.
776 1665 1006 1751 superlativum
1039 1666 1072 1729 in
1102 1692 1249 1732 -amus.

127 1776 276 1840 Aliorum
298 1775 444 1840 codicum
464 1774 683 1839 Plinianorum
704 1773 854 1839 lectiones
876 1774 1068 1853 adiecimus,
1098 1775 1154 1840 ubi
1177 1799 1250 1841 cum

126 1884 336 1972 palimpsesto
364 1884 584 1962 consentiunt,
618 1894 655 1948 ut
681 1883 738 1962 iis,
774 1883 829 1967 qui
864 1884 1007 1950 conferre
1041 1885 1156 1964 velint,
1189 1909 1248 1971 pa·

128 2006 205 2072 teat,
234 1994 393 2079 quomodo
415 1995 499 2058 inter
520 2015 554 2057 se
576 1992 774 2058 cohaereant.
812 1989 896 2057 Sunt
918 2006 949 2058 et
975 1995 1125 2059 nonnulla
1152 2017 1248 2058 voca·

129 2104 216 2180 bula,
239 2126 322 2187 quae
344 2103 376 2167 in
390 2103 608 2187 v‘palimpsesto
629 2102 794 2188 leguntur,
816 2124 1009 2185 quamquam
1030 2103 1141 2167 cadem
1164 2104 1249 2189 apud

129 2215 345 2278 Forcelb'num
367 2213 485 2276 frustra
506 2222 718 2295 quaerantur;
741 2212 800 2275 has
822 2233 921 2276 novas
942 2210 1119 2276 lexieorum
1141 2234 1248 2276 acces-

128 2323 235 2387 siones
257 2323 444 2407 plerumque
466 2320 688 2385 indicavimus.
713 2320 932 2407 Reperiuntur
946 2322 1073 2385 tandem
1087 2321 1250 2398 lectiones,

128 2453 300 2515 quaecum
324 2429 488 2494 tralatieiis
507 2431 647 2495 virorum
669 2431 836 2496 doctorum
859 2431 1063 2516 opinionibus
1085 2442 1248 2517 pugnant;

126 2540 186 2604 has
202 2540 272 2604 iure
288 2540 359 2604 aliis
374 2539 595 2603 diiudicandas
610 2540 809 2623 reliquimus.
834 2539 1010 2616 Postremo,
1024 2552 1058 2604 ut
1069 2562 1173 2624 neque
1188 2540 1249 2604 hoe

127 2649 323 2725 omittamus,
339 2649 379 2712 de
393 2647 649 2734 interpunctione
664 2646 841 2736 Silligiana,
857 2648 914 2713 ubi
929 2673 949 2712 a
962 2649 1168 2736 palimpsesto
1183 2649 1248 2712 dif-

126 2759 208 2834 fert,
236 2780 308 2823 raro
335 2758 532 2835 monuimus,
563 2781 634 2822 cum
660 2758 758 2823 lector
787 2781 857 2823 eam
879 2758 1128 2845 discrepantiam
1153 2758 1247 2825 facile

127 2867 382 2932 animadvertere
403 2866 516 2953 possit.

170 2975 263 3040 Hace
276 2975 343 3041 fere
360 2988 443 3055 sunt,
466 2999 548 3061 quae
562 2975 637 3042 huic
650 2977 732 3042 libro
747 2977 921 3061 praefanda
935 2977 1095 3041 duximus.
1120 2975 1247 3058 Quodsi

127 3084 300 3151 lectoribus
328 3086 499 3171 disputatio
525 3099 636 3150 nostra
662 3088 758 3172 paulo
779 3087 907 3180 longius
929 3099 1081 3171 proveeta
1103 3087 1249 3151 videatur

129 3217 213 3272 esse,
228 3194 382 3260 benevole
396 3195 481 3258 hunc
496 3217 635 3260 errorem
649 3205 803 3273 nostrum,
819 3195 846 3260 si
862 3195 917 3280 qui
933 3209 990 3274 est,
1008 3207 1161 3261 excusent
1175 3219 1248 3261 ora-

128 3327 211 3368 mus.
233 3301 388 3368 Nostrum
403 3303 488 3368 enim
502 3302 696 3369 credidimus
711 3304 751 3367 de
764 3303 824 3369 hoc
837 3305 1037 3369 venerandae
1049 3304 1249 3389 antiquitatis

127 3424 333 3478 monumento
355 3411 487 3479 uberius
510 3423 541 3476 et
562 3411 665 3477 firsius
688 3412 809 3490 dicere,
837 3413 977 3498 nequid
1001 3414 1247 3492 desideraretur,

129 3522 216 3606 quod
238 3521 280 3584 ad
300 3520 401 3606 probe
424 3522 688 3607 cognoscendum
709 3533 741 3586 et
762 3533 847 3586 recte
870 3522 1110 3588 diiudicandum
1133 3523 1248 3608 palim-

128 3642 274 3716 psestum
295 3631 398 3696 lacere
420 3642 539 3717 posset.
565 3628 731 3717 Superest,
754 3642 790 3696 ut
811 3632 932 3718 gratias
955 3655 1088 3719 agamus
1110 3633 1248 3696 meritis-

130 3741 227 3807 simas
249 3739 327 3805 viris
348 3740 558 3819 doctissimis,
587 3763 721 3825 quorum
744 3741 898 3828 singulari
920 3764 1019 3828 opera
1041 3753 1073 3806 et
1093 3741 1248 3806 beneficio

130 3850 253 3914 factum
277 3859 335 3926 est,
358 3858 394 3913 ut
414 3849 493 3914 haee
515 3849 612 3914 editio
634 3851 667 3914 in
688 3850 792 3915 lucem
812 3851 957 3936 prodeat.
980 3849 1127 3935 Namque
1142 3851 1248 3916 Erne-

129 3972 196 4024 atua
219 3959 404 4023 Fridern'oua
427 3958 642 4036 thatemonn,
671 3960 830 4047 gymnasii
856 3961 987 4026 illustris
1010 3958 1152 4026 Gothani
1173 3983 1249 4046 pro·

130 4070 237 4134 sessor
258 4066 466 4146 clarissimus,
490 4077 521 4132 et
535 4069 584 4133 Io.
606 4066 678 4133 Otr.
694 4069 762 4134 Fet
777 4070 898 4148 Baebr,
921 4070 976 4154 qui
991 4068 1249 4158 Heidelbergen·
