2760 4734
165 262 206 327 to
412 316 416 320 .
654 282 797 326 cnouow

164 433 247 482 Datur
258 430 364 480 utaniais
375 438 398 478 et
407 429 525 493 spasticis.
537 430 581 479 lib.
592 437 632 492 96,
645 438 675 481 19
686 430 738 493 [81,
750 429 818 492 leo]:
829 431 968 481 Peucedani
974 448 1042 481 succo
1049 442 1214 498 perunquntur
1224 452 1281 500 spa-

163 515 225 578 stici,
242 515 343 564 tetanici.
369 517 434 565 Mox
445 515 522 564 Voss.
539 517 601 564 duo:
621 514 742 565 Tremulus
758 523 895 576 contusum,
911 516 935 563 si
945 532 975 565 ex
986 515 1036 565 oleo
1045 527 1214 582 pernnqantur,
1227 521 1283 568 sine

164 597 202 665 τῷ
214 598 286 649 iuuat.
309 599 376 649 Satis
388 607 427 647 661
437 598 526 660 paullo
538 600 672 662 anteponi
683 597 791 648 adiuvat.

199 680 326 745 [11111]
345 680 450 730 Minima
466 680 567 729 omnium
584 689 607 729 et
623 666 769 731 vbidunma
784 682 885 731 elnaem
896 683 957 745 fieri
966 683 1055 746 iubent]
1074 686 1139 736 Tres
1156 687 1282 737 membra·

164 781 222 816 nae:
239 764 386 815 viridissimo
396 763 534 828 sanquinem
546 765 690 828 cineremque
694 765 762 827 fleri.
779 768 850 816 Men.
861 766 999 830 sanquinem
1010 767 1110 816 oinaem
1115 767 1184 830 fleri.
1202 770 1281 819 Voss.

164 848 312 899 oimdissim
321 848 457 912 sanquinem
470 848 569 897 cinerem
582 848 690 911 velsteri.
713 849 812 901 Scribe:
828 851 965 913 sanquinem
982 850 1109 900 eineranue
1117 851 1180 913 steri
1195 853 1283 903 iubent.

164 935 305 984 Praecessit
316 934 392 994 enim,
404 947 520 979 ranarum
532 929 626 980 illinunt
637 931 736 980 cinerem
748 931 786 980 vel
795 933 934 996 sanquinem
946 935 1083 996 arefacmm.

200 1015 254 1080 [46,
269 1015 328 1078 134]
347 1015 378 1064 In
390 1013 512 1064 mulierum
521 1022 593 1078 parte
601 1015 793 1078 praesentissimo
804 1014 906 1065 ronredio
922 1018 1008 1066 sanari
1023 1017 1132 1080 uadunt]
1149 1022 1284 1074 Pintianns

165 1102 282 1151 observat
293 1102 320 1149 in
331 1101 425 1164 scripto
443 1114 497 1150 esse
514 1098 663 1162 mulieribns3
681 1100 768 1162 itaque
784 1101 920 1163 legendum
938 1103 984 1152 sibi
1000 1104 1088 1153 videri:
1105 1104 1131 1152 in
1146 1104 1284 1155 mulieribus

162 1199 250 1247 percae
259 1198 340 1245 praes.
352 1199 408 1232 rem.
421 1199 508 1231 sanare
521 1181 655 1232 mudantur.
678 1183 729 1234 Sed
745 1184 766 1233 si
781 1198 915 1247 percarum
928 1199 958 1234 ea
969 1187 1006 1233 vis
1018 1195 1063 1246 est,
1075 1189 1136 1249 quid
1147 1190 1229 1238 verbis
1240 1191 1285 1240 fiet

166 1269 338 1332 sequentibus,
350 1283 415 1331 quae
428 1283 521 1318 cancro
533 1267 646 1317 foemina
656 1268 683 1317 id
693 1269 747 1317 fieri
760 1271 893 1318 ostendere
903 1269 1038 1320 videntur?
1062 1271 1137 1322 Voss.
1154 1270 1283 1323 muliebris.

166 1350 215 1403 Oui
226 1353 284 1401 voci
296 1360 347 1402 una
357 1351 432 1403 litera
444 1352 574 1412 demenda,
586 1359 616 1399 ut
627 1352 669 1401 sit:
685 1351 710 1400 in
727 1350 833 1400 muliebri
846 1359 917 1414 parte
926 1352 1117 1414 praesentissimo
1129 1353 1232 1404 remedio
1243 1372 1283 1405 sa·

165 1434 221 1483 nari
228 1433 327 1483 tradunt
334 1435 541 1499 eonaofoemina.
553 1436 655 1498 Andeg.
664 1434 690 1482 in
698 1433 802 1483 166116νί6
807 1443 900 1498 parties.
913 1436 976 1485 Tres
986 1436 1038 1497 alii,
1049 1436 1073 1484 in
1083 1437 1191 1487 nuberes
1200 1448 1283 1501 partu.

200 1515 253 1579 [47,
268 1516 328 1580 135]
344 1517 439 1583 Eadem
451 1518 487 1566 ais
499 1526 534 1567 est
541 1517 660 1582 pulmonis
670 1518 765 1579 marini,
777 1517 863 1582 leporis
874 1518 963 1567 marini
973 1519 1088 1582 sanquine
1099 1528 1122 1568 et
1125 1519 1199 1583 felle]
1218 1522 1284 1573 Cor.

165 1609 286 1665 rexerunt
293 1602 415 1665 sanquinis
425 1601 528 1666 etsellis.
546 1603 597 1655 Sed
606 1604 726 1654 Vossiani
736 1606 798 1652 duo:
808 1601 916 1666 pulmoni
923 1603 1027 1666 morino;
1039 1606 1097 1654 dein
1106 1608 1198 1666 melior
1206 1609 1284 1658 etiam

164 1686 282 1751 sanquini.
306 1687 403 1738 Scribe:
419 1685 514 1735 Eadem
530 1686 566 1734 vis
581 1694 616 1735 est
629 1685 737 1750 pulmoni
752 1686 852 1747 murino,
870 1685 958 1750 leporis
969 1687 1058 1736 marini
1068 1689 1181 1752 sanquini
1191 1690 1285 1752 etfelli.

165 1772 202 1822 Ut
213 1780 238 1821 et
248 1771 390 1822 Pintianus.

201 1853 254 1916 [50‚
269 1852 328 1915 139]
346 1853 521 1918 Hippopotami
522 1854 616 1917 frontis
628 1870 640 1902 e
651 1855 749 1904 sinistra
759 1863 829 1918 poete
838 1854 910 1918 pellis
918 1855 944 1904 in
952 1854 1045 1904 linteolo
1057 1855 1205 1920 adalliqata]
1219 1859 1285 1907 Tres

166 1940 240 1988 codd.
249 1936 312 2002 pelle
323 1937 348 1987 in
360 1939 450 2002 aqnina
462 1937 572 2002 alliqota.
590 1938 722 2001 Andegav.
737 1937 808 2002 pellis
824 1939 850 1988 in
861 1939 954 2003 696616.
985 1940 1059 1988 Voss.
1072 1951 1102 1989 ut
1112 1941 1255 1990 Hermolai:
1273 1959 1285 1989 e

165 2023 265 2072 sinistra
282 2030 353 2085 parte
371 2020 442 2084 pellis
457 2022 482 2069 in
497 2021 588 2084 aqnina
599 2020 708 2086 alliqata.
1200 2021 1212 2036 '

201 2106 265 2156 Car.
282 2107 329 2156 XI.
347 2103 401 2166 [53‚
421 2104 480 2167 145]
504 2104 623 2167 Belonae,
639 2121 697 2169 quos
712 2104 833 2156 motans
848 2105 968 2168 sommus]
992 2108 1128 2157 Pintianus
1144 2109 1284 2170 legendnm

167 2195 253 2239 censet
264 2205 321 2237 aeus
332 2187 479 2238 aemulatae:
491 2191 518 2239 id
529 2191 596 2239 enim
608 2191 750 2252 significare
762 2190 886 2241 Graecam
896 2206 985 2240 vocem
996 2186 1107 2255 βελόνη.
1132 2192 1212 2251 Quasi
1224 2193 1285 2242 hae-

167 2274 246 2323 serint
256 2273 394 2322 memoriae
406 2273 460 2322 eius
472 2287 538 2334 quae
549 2274 634 2323 scribit
646 2274 800 2323 Hermolaus
812 2275 844 2322 ad
856 2275 899 2323 lib.
913 2280 953 2334 35,
969 2280 1008 2323 ll.
1020 2275 1060 2324 his
1072 2275 1164 2325 verbis:
1182 2277 1285 2326 116166-

167 2367 218 2406 tem
230 2358 329 2418 belone,
343 2371 420 2419 quam
431 2371 559 2406 nosacum
572 2355 723 2406 staticulum
736 2359 849 2408 dicimus.
873 2357 915 2407 Sic
931 2358 986 2406 ille.
1009 2356 1074 2405 Aoos
1090 2365 1167 2406 unua:
1184 2372 1198 2407 6
1216 2360 1286 2408 Mar-

168 2440 221 2489 tiali
232 2441 348 2490 novimus
358 2440 402 2489 lib.
415 2446 452 2489 10.
465 2440 544 2501 epigr.
554 2447 593 2489 34.
607 2448 633 2489 61
644 2441 730 2489 Plinio
742 2441 797 2503 ipso
808 2441 851 2490 lib.
865 2446 889 2501 9,
899 2445 913 2488 5
925 2438 976 2502 [661
987 2442 1074 2489 vitium
1086 2442 1113 2489 in
1123 2455 1230 2491 numero
1243 2455 1286 2492 ca-

168 2525 235 2587 pitis.
254 2524 352 2575 Scribe:
365 2529 388 2582 9,
402 2527 442 2583 51,
457 2521 721 2584 76,166]:Aeussiue
739 2522 826 2584 belone,
843 2540 902 2573 unus
913 2524 1025 2586 piscium,
1045 2522 1175 2573 dehiscente
1187 2533 1286 2588 propter

167 2606 335 2655 multitudinem
348 2614 412 2657 utero
421 2606 496 2669 parit.
518 2605 643 2656 Aciculam
655 2615 740 2658 autem
751 2609 846 2672 passim
859 2609 961 2671 quidem
972 2611 998 2657 in
1010 2609 1112 2658 Lexicis
1124 2609 1239 2659 exhiberi
1249 2610 1285 2658 vi·

168 2693 223 2750 666,
235 2699 263 2740 61
275 2691 452 2740 diminutivum
464 2689 512 2738 tud
524 2706 593 2740 oeus:
606 2699 736 2741 auctorem
748 2699 834 2741 tamen
845 2693 898 2741 eius
907 2692 1022 2740 vocabuli
1031 2693 1163 2755 antiquum
1171 2694 1285 2742 nondum

166 2777 255 2840 reperi.
278 2773 408 2823 Acuculan
424 2776 553 2837 Excerpta
565 2783 613 2824 vet.
625 2776 712 2825 Lexic.
731 2775 850 2824 efferunt:
862 2774 939 2836 Ansa,
950 2771 1032 2839 λαβή.
1045 2773 1162 2835 Acueula,
1173 2770 1284 2839 βελόνη.

166 2862 200 2910 Et
211 2859 370 2910 Constantini
386 2860 404 2909 l.
420 2865 430 2908 l
447 2856 576 2920 [3,16,1]
595 2858 658 2910 Ood.
675 2860 725 2909 Tla
743 2861 773 2909 66
789 2860 911 2924 repudiis:
929 2856 1018 2922 oportet
1033 2875 1084 2908 eam
1101 2874 1175 2921 usque
1185 2857 1220 2906 ad
1229 2855 1285 2907 adt-

154 2943 242 2994 .eulam
256 2942 311 3005 [ubi
322 2944 415 2993 rectius
427 2944 555 2993 scribitur:
568 2941 694 3004 adculam]
708 2943 795 3006 capitis
812 2944 837 3013 in
853 2943 920 2992 domo
937 2943 1020 2992 mariti
1030 2941 1151 3006 deponere.
1174 2943 1225 2993 Sed
1242 2945 1286 2992 vix

167 3037 213 3090 est,
224 3037 318 3078 utnon
329 3025 401 3076 acub:
413 3036 438 3076 61
450 3026 544 3076 aculem
557 3027 596 3077 his
607 3027 672 3079 locis
683 3029 818 3091 legendum
828 3028 871 3078 sit:
888 3034 917 3078 ut
928 3029 1029 3077 locutos
1041 3028 1105 3077 mihi
1117 3035 1213 3077 veteres
1224 3040 1285 3075 con-

167 3119 224 3162 stat.
242 3113 414 3162 Glossarium:
431 3105 544 3178 Βελόνη,
560 3111 640 3174 acula,
658 3128 723 3162 acus.
746 3113 883 3165 (iledonius
899 3113 926 3160 in
943 3120 1009 3161 arte:
1027 3110 1133 3160 Haecin
1149 3109 1287 3159 diminutivo

165 3212 238 3260 qenus
250 3203 347 3257 mutant,
360 3203 386 3245 ut
396 3195 544 3254 acusacula,
556 3195 598 3245 lroc
609 3204 697 3245 scutum
709 3196 767 3245 baec
777 3194 883 3256 scutella,
901 3194 943 3244 boc
957 3195 1084 3258 pistrinum
1102 3193 1160 3244 boec
1169 3192 1286 3256 pistrilla.

166 3282 280 3331 Accedet
290 3282 344 3344 ipse
352 3280 451 3330 Plinius
462 3280 529 3329 infra
540 3281 583 3329 lib.
594 3287 635 3342 et,
647 3287 687 3330 13.
700 3279 798 3340 [Credo
810 3281 948 3342 significari
960 3279 1047 3330 locum
1058 3280 1135 3330 Plinii
1146 3286 1188 3340 34,
1197 3283 1236 3338 13,
1243 3283 1286 3339 60,

169 3368 225 3413 169.
239 3361 341 3420 Quidam
407 3361 513 3423 pluinbeo
519 3362 610 3425 pistillo
620 3371 693 3411 terere
702 3360 812 3424 malunt]
824 3363 976 3427 Corruptus:
987 3379 1087 3427 quoque
1095 3365 1123 3413 in
1132 3361 1286 3414 (1166616161-

167 3447 231 3496 dori:
241 3443 358 3505 Acucula,
366 3443 455 3506 aeolus,
466 3445 547 3508 solers,
557 3444 670 3509 oqaqula.
684 3446 1000 3508 scribendumtAcrienlua
1007 3455 1096 3498 acutus.
1108 3449 1149 3497 Eo
1157 3446 1287 3496 vocabulo

167 3532 245 3580 utitur
250 3528 340 3579 Cicero
347 3533 361 3576 3
369 3525 412 3588 [17
415 3563 422 3588 ‚
428 3526 484 3589 38]:
498 3529 612 3580 Tuscula
622 3528 662 3578 ille
670 3530 787 3580 amiculus
796 3529 897 3581 Atbenis
905 3547 976 3579 senes
985 3531 1059 3593 Zeno,
1069 3531 1165 3580 16161616
1174 3529 1285 3578 demissi·

167 3609 1287 3677 mnsErgoethocPliniilocomulumus:bebnae,quosoculasnosuooomns.Pinianus,
1323 3623 1329 3629 '

167 3698 235 3762 quod
247 3697 352 3756 censuit,
366 3705 391 3746 et
402 3697 542 3747 ostendisse
553 3698 589 3747 611
600 3713 627 3748 66
638 3701 670 3749 ad
682 3700 725 3750 lib.
741 3706 780 3749 10.
798 3699 884 3762 Caput
894 3707 933 3749 cst
944 3699 997 3748 illic
1010 3703 1042 3750 39
1057 3697 1110 3760 [47,
1123 3695 1177 3757 91],
1193 3697 1239 3746 ubi
1256 3699 1288 3746 66

166 3781 232 3831 61616
250 3781 418 3845 halcyonum:
435 3779 488 3831 Nec
504 3778 565 3829 unde
581 3784 753 3846 corqinqantur,
770 3781 893 3831 inuenitur.
915 3782 1011 3831 Putant
1026 3797 1055 3830 eo:
1070 3780 1146 3844 spinis
1157 3778 1288 3828 6611166116.-

163 3863 269 3927 piscibus
281 3863 343 3912 enim
354 3863 442 3913 vivunt.
461 3864 533 3927 Quae
542 3867 663 3922 manslata
671 3873 730 3915 sumt
739 3881 773 3916 ex
783 3865 928 3916 Aristotelis
940 3865 1086 3916 animalium
1098 3864 1207 3915 historia
1218 3877 1288 3913 nona

167 3961 222 4009 cup.
235 3952 273 3995 ll.
285 3944 371 4007 [Tum.
380 3947 401 3996 L
411 3963 436 4012 p.
446 3954 504 3998 tes.
514 3946 656 4009 Schneid.]:
667 3939 819 4012 Ἀπορεῖται
831 3938 866 4009 d,
877 3946 908 3998 in
920 3945 995 4004 τίνος
1005 3944 1143 4012 συντίθησι
1153 3944 1201 4011 τὴν
1213 3961 1287 3995 νεοτ-

167 4025 239 4077 τίαν·
249 4028 327 4079 δοκεῖ
336 4027 368 4077 δὲ
379 4026 495 4091 μάλιστα
507 4030 538 4082 ix
551 4031 603 4080 τῶν
616 4029 741 4081 ἀκανθῶν
754 4034 805 4095 τῆς
814 4027 945 4098 βελόνης·
956 4029 989 4096 ζῇ
998 4027 1053 4094 γὰρ
1066 4027 1286 4095 ῖχθυοφαγοῦσα.

166 4115 236 4176 Ergo
248 4114 388 4174 Pincianus,
406 4131 435 4163 eu·
449 4115 525 4178 spinis
541 4132 597 4165 acus
611 4115 692 4179 piscis.
710 4118 745 4165 Et
761 4116 843 4165 voluit
858 4115 910 4165 tale
928 4116 988 4178 quid
1004 4115 1074 4164 haud
1090 4115 1165 4163 dubie
1178 4113 1286 4164 Plinius.

168 4195 219 4247 Sed
231 4198 309 4247 verba
320 4198 405 4263 potius
416 4198 495 4251 inisse
507 4201 667 4253 crediderim:
685 4199 778 4249 Rttam
789 4215 818 4249 ea
828 4198 904 4262 spina
915 4197 1046 4249 mularum.
