2760 4734
126 278 167 339 32
617 292 757 336 cuonem

128 448 216 497 instrui
234 454 351 509 poterant
368 444 528 507 quantumvis
540 444 621 504 nitidi,
635 452 709 504 certe,
721 452 750 491 ut
761 455 813 491 non
827 454 933 491 causam
946 444 1176 507 responsantibus
1186 448 1252 497 muti·

127 532 218 594 legalis
230 532 325 580 darem.

162 612 198 675 [3,
212 611 239 674 4]
261 610 400 662 Consectari
418 626 463 657 non
483 618 525 671 est,
546 626 587 657 nee
606 608 779 670 committemus,
800 617 825 657 ut
844 607 994 657 subiicienda
1014 610 1134 675 utiliora]
1153 612 1252 663 uenas

127 699 263 760 aliquando
283 697 309 745 in
329 695 410 754 editis,
431 702 459 743 nt
476 701 501 743 et
517 695 566 743 Ms.
587 694 724 753 nonnullis,
746 688 779 741 τὰ
796 707 841 740 non
859 700 904 741 est:
932 709 1007 744 nunc
1023 696 1147 747 immissa
1162 698 1251 761 quites

127 789 197 841 sunt,
220 783 263 831 secl
279 794 331 829 nou
348 793 394 827 suo
410 779 477 827 loco.
504 777 647 826 Vossianus
663 778 743 827 enim:
768 774 826 826 Non
841 783 876 824 est
891 791 955 825 nunc
967 778 1129 841 propositum
1147 780 1193 829 ista
1206 796 1252 829 ms·

126 864 220 913 sectari.
242 864 310 914 Dein
326 864 388 912 Mes.
402 874 527 910 consensu
539 858 629 908 vilitate
640 876 687 924 pro
699 858 808 909 utilitate.
833 859 884 909 Sed
894 860 958 923 quid
969 868 1015 911 est
1025 860 1148 911 utiliora?
1165 863 1251 915 tense

126 946 269 997 subiiciendo
286 946 380 995 tutiora.
398 946 485 1003 idest,
503 960 568 1008 quae
584 958 636 993 non
653 952 725 993 tanto
736 943 850 1007 periculo
862 950 1033 1005 quaeruntur.
1052 946 1161 997 Partem
1172 948 1252 997 hom

127 1032 190 1081 vidit
201 1040 227 1080 et
237 1031 378 1080 Pintianns.

163 1114 199 1177 [3‚
214 1112 240 1175 5]
260 1112 357 1161 Interim
365 1111 459 1175 fortius
471 1119 571 1174 auqetur
583 1108 720 1181 anteritas,
732 1125 794 1172 quae
806 1117 897 1172 quanta
908 1107 1043 1174 debeatssr]
1061 1112 1110 1163 'Ab
1122 1112 1251 1163 Hermclsc

128 1205 167 1269 cet
181 1195 298 1258 debeatur,
316 1209 373 1245 cum
387 1202 454 1245 esset
465 1192 554 1243 debeat.
572 1195 683 1255 Utiliter,
696 1202 725 1243 ut
738 1194 839 1257 opinor:
857 1194 901 1243 sod
913 1194 990 1243 sedet
1002 1195 1086 1245 etism
1098 1210 1181 1259 grave
1190 1198 1251 1249 olea

128 1283 155 1331 in
170 1281 254 1330 irontc
269 1281 344 1329 huius
360 1280 472 1342 periodi:
494 1278 537 1328 ubi
554 1293 601 1341 pro
610 1276 703 1339 fortius
719 1284 811 1326 notant
821 1278 878 1327 aliie
889 1291 946 1327 esse
954 1277 1052 1340 potius,
1069 1280 1133 1331 aliis
1141 1280 1250 1345 paulu:

128 1367 196 1414 unde
217 1364 398 1426 Deleeampius
419 1363 488 1411 iubet
506 1363 557 1423 logi
575 1360 691 1425 portibus.
722 1362 870 1421 Pintianus,
883 1359 982 1424 fortius
1004 1370 1097 1427 nqeua
1113 1365 1249 1415 suetonum

129 1449 229 1499 Ohiflot.
246 1456 272 1497 et
288 1451 339 1497 duo
357 1448 447 1510 quibus
464 1447 566 1504 utimur,
583 1453 612 1494 nt
624 1451 650 1493 ct
662 1444 784 1505 Pintiani,
794 1443 889 1508 fortius
900 1451 998 1508 aqetur.
1024 1445 1121 1497 Scriba
1133 1462 1190 1499 meo
1200 1462 1250 1499 eon·

129 1534 197 1583 silio:
214 1530 312 1580 Interim
321 1529 414 1592 fortius
430 1537 526 1593 aqetm:
549 1528 724 1590 auctoritasque
739 1535 830 1590 quanta
841 1524 955 1576 debeatur
965 1530 1043 1577 οιιαιιι
1055 1529 1151 1593 ιιινᾱίι,
1165 1530 1206 1581 hoe
1214 1538 1250 1591 et,

128 1614 266 1679 iqnobilibus
282 1612 372 1673 herbis,
385 1612 553 1675 perhibebitur.
579 1613 726 1661 Instituerut
747 1611 853 1674 prebere
868 1610 978 1661 Plinius
991 1626 1029 1662 ex
1046 1614 1147 1677 herbis,
1165 1614 1250 1665 nihils

128 1714 211 1750 rerum
228 1706 317 1747 natura
334 1697 387 1744 sine
404 1696 490 1757 aliqua
502 1694 639 1742 occultiore
650 1708 727 1742 causa
737 1693 816 1755 gigni.
834 1693 950 1743 Primum
962 1692 1057 1745 inerat
1069 1708 1249 1761 argumentum,

129 1786 201 1833 datas
222 1781 338 1845 gentibus
358 1779 506 1842 quibusdum
527 1779 559 1826 ad
578 1777 675 1826 formae
696 1766 817 1839 grath,
843 1776 950 1825 almrum
971 1779 1051 1829 datas
1076 1782 1191 1833 vestibus
1208 1784 1247 1833 liu·

128 1866 224 1929 gendis.
246 1866 305 1915 Huc
321 1864 429 1926 respicit,
448 1870 473 1911 et
489 1876 555 1910 nunc
573 1862 608 1910 ait
620 1876 647 1910 se
659 1870 774 1910 acturum
781 1858 883 1920 fortius,
898 1860 925 1909 id
938 1868 985 1921 est,
999 1868 1167 1925 argumentis
1176 1880 1247 1917 rorum

128 1952 210 2013 magis
226 1948 335 1997 virilium
353 1955 378 1996 et
393 1947 471 1995 fortes
488 1947 638 1995 decentium.
661 1960 720 1993 nam
736 1942 844 1994 formam
861 1944 957 2005 colere,
975 1948 1082 1997 variare
1099 1952 1246 2009 vetimento,

129 2035 217 2084 mollia
233 2032 423 2096 quodammodo
440 2038 464 2079 et
482 2029 652 2079 effoeminata
676 2029 759 2088 Quale
776 2042 828 2076 non
839 2034 926 2090 potest
938 2032 1050 2091 censeri,
1066 2036 1143 2095 quad
1153 2034 1246 2083 semiue

128 2120 161 2167 ab
176 2118 321 2165 auctoribus
339 2115 560 2176 conditoribnsque
580 2113 678 2175 imperii
696 2112 818 2173 Romani,
845 2120 870 2160 et
886 2127 933 2161 nsu
951 2114 1033 2163 etiam
1049 2118 1186 2168 surdarum
1200 2118 1245 2167 ber·

132 2203 220 2251 barum
233 2207 257 2249 et
269 2201 352 2248 minus
364 2198 499 2247 celebrium
511 2198 537 2247 in
549 2197 635 2256 sacris,
646 2196 825 2257 legationibus,
836 2196 954 2259 praemiis
965 2195 1081 2247 bellicae
1092 2198 1245 2253 fortitudinis

131 2288 187 2338 Lib.
202 2292 241 2335 19.
259 2284 389 2349 prooemio
408 2280 444 2344 [l,
458 2279 497 2342 2]:
524 2278 590 2329 nulla
607 2279 720 2327 mentione
737 2278 820 2327 habita
837 2285 871 2327 tot
881 2294 958 2327 rerum
970 2288 1058 2343 monte
1069 2298 1162 2333 curans
1172 2300 1243 2349 prosa

129 2370 247 2431 aientium,
262 2366 403 2433 praesertim
419 2381 470 2413 cnm
483 2364 603 2428 plerisque
619 2378 706 2423 carum,
722 2362 799 2425 pretio
810 2377 898 2426 usuque
915 2362 988 2424 vitae,
1008 2364 1092 2415 maior
1103 2366 1175 2417 ιιιιιιιιι
1185 2382 1243 2433 qm

127 2453 244 2517 srnqibus,
262 2450 391 2499 auctoritas
399 2448 559 2511 perhibeatur.
579 2445 673 2496 Surdus
685 2448 720 2496 sio
733 2448 810 2496 habes
822 2446 866 2496 lib.
880 2451 919 2497 et.
933 2448 992 2497 ult:
1012 2457 1130 2513 artesque
1139 2452 1243 2503 salum

129 2535 227 2585 inseruit
238 2542 261 2581 et
272 2532 405 2591 visceribus,
422 2530 508 2593 quippe
519 2547 571 2579 cum
582 2528 662 2578 surdis
673 2530 744 2579 etiam
755 2531 823 2579 rebus
834 2530 966 2580 inseruerit.
989 2531 1127 2597 suspicari
1139 2538 1203 2599 licei,
1215 2530 1242 2585 τὶ

129 2620 172 2669 hoc
183 2627 225 2676 est,
238 2615 383 2682 iqnobilibus,
396 2617 427 2664 ab
439 2616 523 2663 aliens
534 2630 612 2664 mann
624 2629 686 2664 csse.

165 2698 226 2762 [ln]
249 2700 287 2749 Ac
301 2715 391 2762 semper
406 2706 428 2746 et
444 2696 528 2762 leqati]
552 2699 704 2747 Vossianus:
727 2696 764 2746 Ac
779 2712 869 2761 semper
890 2713 903 2746 e
920 2696 1016 2763 lsqatis.
1040 2701 1159 2755 Omnino
1174 2714 1241 2755 mm:

129 2785 185 2834 vult
195 2786 263 2832 enim
276 2799 309 2832 cx
321 2783 482 2846 sequentibus
494 2797 551 2830 oum
564 2782 604 2831 his
617 2783 749 2845 coniungi:
761 2797 774 2830 e
786 2780 870 2846 leqntis
879 2798 946 2832 unus.
964 2785 1105 2850 Praecepit
1113 2790 1243 2839 Pintisnse

164 2868 228 2919 Gne.
242 2869 275 2917 V.
293 2866 329 2929 [5‚
343 2865 371 2929 9]
394 2865 427 2916 Se
438 2864 524 2927 consul,
541 2864 670 2928 Imperioso
685 2864 783 2930 collegae,
797 2883 844 2930 pro
861 2866 962 2915 olonna
978 2865 1088 2932 dcwuit]
1113 2872 1245 2923 Vossianus

130 2968 231 3018 qnoque
246 2952 349 3015 insperio,
372 2959 401 3000 ut
417 2951 499 2998 codex
515 2950 639 3009 Pintinni,
662 2951 702 2998 eni
718 2959 808 3000 neutra
822 2950 897 3000 lectio
913 2952 1011 3014 placet,
1031 2962 1058 3003 et
1076 2956 1165 3018 potins
1179 2954 1245 3005 ruba

129 3038 195 3088 falso
207 3040 301 3087 inserta
311 3045 385 3085 retur.
403 3035 607 3097 Haudquaquam
620 3047 680 3095 ego:
700 3034 760 3095 quid
773 3035 840 3082 enim
851 3034 943 3087 clarius
961 3050 1040 3097 qnam
1058 3038 1245 3089 similitudinem

128 3123 256 3172 literarum
273 3121 336 3171 illud
352 3118 397 3169 50
412 3119 583 3181 absorpsissel
606 3119 653 3167 Est
670 3118 736 3165 enirn
754 3118 785 3166 T.
803 3118 916 3168 Manlius
931 3120 1101 3183 hperiosns,
1121 3132 1148 3171 ct
1162 3120 1245 3173 intelli·
1275 3100 1280 3111 Ι

129 3209 197 3269 gitur
208 3209 240 3255 asl
251 3205 367 3254 Veserim
379 3219 471 3267 pugna.

164 3291 228 3339 cnr.
240 3289 288 3337 VI.
302 3285 338 3348 [6,
353 3285 395 3347 13]
419 3284 515 3335 Manlio
530 3282 581 3333 Cos.
595 3284 668 3332 tribus
685 3282 818 3332 cohortibus
831 3283 1101 3349 contumeliamque]
1129 3280 1166 3337 Τὸ
1179 3288 1246 3337 astu

129 3374 221 3422 adiecit
230 3371 358 3420 Gelenius.
372 3369 471 3419 Chiflet.
485 3368 589 3417 Manilio
600 3385 646 3417 cos.
659 3366 798 3418 cohortibus.
816 3370 971 3419 Vossianus:
989 3368 1099 3419 Manilio
1111 3388 1161 3423 cus.
1172 3370 1246 3421 eohor-

130 3456 190 3504 tibus
201 3453 301 3502 servatis
314 3451 459 3515 totidemque.
480 3454 520 3504 Ne
536 3455 562 3502 in
577 3454 700 3502 Academ.
719 3453 819 3514 quidem
836 3452 881 3501 ills
897 3468 950 3501 vox
962 3460 1008 3503 cst.
1027 3454 1131 3505 Scribe:
1149 3452 1247 3506 Mans

129 3537 221 3590 consule
237 3536 368 3586 cohortibus
384 3537 484 3585 ementis
501 3535 603 3596 totidem,
622 3542 679 3598 quot
695 3533 729 3582 ad
743 3533 874 3583 carotidas
890 3552 931 3583 eas
947 3534 1048 3585 eductos.
1069 3538 1247 3589 Dissimulsvit

130 3626 197 3674 enim
214 3638 354 3682 ntsmernm,
370 3631 459 3686 utpote
476 3622 579 3671 aliunde
595 3629 648 3670 tum
661 3620 721 3669 satis
733 3627 829 3669 notum.
848 3620 959 3670 Pintiani
970 3634 1074 3683 quoque
1087 3626 1173 3673 codex
1184 3638 1247 3673 esre·

128 3711 172 3759 bnt
184 3705 223 3772 τῷ
234 3707 314 3755 olous.

164 3790 227 3855 [Ib.]
250 3788 321 3848 Quod
336 3797 358 3837 et
374 3797 467 3837 statuae
483 3788 532 3836 eius
545 3787 569 3835 in
578 3789 639 3851 soro
649 3803 691 3835 suo
702 3786 737 3836 D.
748 3786 869 3851 Anqustus
880 3784 1022 3851 adscripsit]
1046 3787 1125 3841 chifl.
1138 3800 1165 3841 et
1175 3792 1248 3843 Voss.

129 3875 231 3938 scripsit.
257 3875 356 3937 Nempe
372 3874 510 3922 similitudo
526 3872 656 3921 literarum
672 3874 781 3936 primam
799 3872 923 3935 syllabam
938 3871 1032 3922 hausit.
1057 3874 1159 3925 Fuerat
1174 3876 1248 3935 enirn,

128 3959 249 4022 Auqustus
260 3956 404 4019 subscripsit.
423 3956 544 4005 Horatius
557 3951 619 4014 [od.
631 3962 656 4016 3,
669 3962 708 4015 tt,
721 3954 778 4018 et]:
796 3956 819 4004 si
828 3962 924 4018 quaeret
932 3962 1004 4019 pater
1016 3954 1114 4005 urbium
1127 3956 1251 4009 Submtt

127 4042 221 4090 statues.
238 4042 331 4090 Florus
344 4034 615 4100 4‚10[2‚20.1uhn.]:
628 4037 682 4086 dum
695 4038 813 4089 titulorum
826 4036 1051 4103 cupitlineArassm
1064 4048 1089 4089 et
1099 4040 1250 4107 Euphraten

128 4124 171 4171 sub
183 4122 325 4187 imaqinibus
335 4122 384 4171 suis
397 4122 444 4185 leqi
454 4119 603 4182 concupiscit.
