2760 4734
166 269 207 334 88
656 287 798 330 aaouovr

201 438 255 503 [19,
274 437 316 500 73]
339 437 424 488 Bedas
436 436 500 500 fecit
520 435 658 485 adorantem
679 436 772 486 Battan
791 434 939 500 Apollinem]
962 438 1144 502 Dalecampius
1165 439 1289 503 intelligit

165 525 270 574 Battum
283 537 368 572 senem
382 523 473 573 oridia
487 519 562 582 [Met.
576 527 600 579 2,
614 517 675 581 707]
689 521 715 569 in
728 521 838 585 lapidem
852 521 960 569 indicem
977 536 1084 570 versum.
1101 520 1156 571 'Cur
1171 537 1225 578 non
1240 539 1288 587 po-

166 607 216 657 tius
227 607 391 656 Aristotelem
405 606 523 666 Battum,
541 605 698 654 conditorem
716 604 886 669 Cyrenarum,
904 605 947 668 qui
964 606 1065 669 auspice
1080 606 1202 669 Apolline
1218 609 1288 658 colo·

166 691 235 741 uiam
251 706 282 741 eo
299 690 406 739 deduxit
418 705 431 738 e
444 690 548 739 Therai
567 688 617 738 Sed
634 688 718 751 potius
731 688 931 738 Batnon-nomen
948 697 988 739 est
1002 690 1113 751 artificis,
1130 691 1174 754 qui
1186 690 1287 754 Apolli-

166 790 225 825 nem
237 781 263 824 et
273 776 398 823 Iunonem
410 772 477 833 fecit,
489 779 518 821 at
529 773 590 821 vidit
602 771 827 821 excellentissimus
839 773 970 822 Reiuesius
982 774 1042 823 Ver.
1055 778 1079 833 2,
1095 777 1117 823 7.

202 856 255 918 [19,
268 855 311 918 75]
330 855 397 904 Iden
409 854 556 904 celetizontas
569 870 657 918 pueros
665 853 741 917 fecit]
759 857 836 906 Voss.
853 854 922 905 Idem
934 863 956 904 et
971 854 1118 905 celetizontas
1130 872 1217 920 pueros
1233 858 1288 908 sine

167 938 281 1005 ruijecit,
294 942 363 1004 quod
375 941 436 990 satis
448 947 487 989 est
496 955 560 989 mox
571 941 641 1004 poni.
898 955 900 960 ·

201 1023 255 1086 [19,
270 1021 313 1085 78]
331 1023 367 1071 Et
380 1021 464 1073 Castor
475 1031 498 1070 et
509 1021 597 1072 Pallan
608 1031 663 1071 ante
674 1022 756 1072 aedem
767 1022 837 1072 Iovis
852 1023 977 1086 Tonantis]
996 1027 1078 1075 Aead.
1099 1025 1215 1074 Tonantis
1225 1042 1287 1090 apa·

167 1125 211 1158 sce.
230 1109 296 1159 Gud.
310 1117 336 1158 et
346 1109 449 1171 Meuap.
463 1107 579 1156 Tonantis
590 1107 676 1171 aperie.
694 1109 771 1158 Voss.
788 1107 902 1157 Tonantis
913 1108 1034 1172 hapesiae.
1051 1109 1092 1158 Ita
1104 1123 1165 1171 ergo
1177 1110 1287 1159 scriben-

169 1195 240 1242 dnmt
257 1199 280 1240 et
299 1189 383 1241 Castor
399 1199 422 1239 et
437 1189 526 1240 Pollux
542 1198 598 1239 ante
614 1189 695 1239 aedem
706 1189 771 1239 Iouis
786 1191 901 1240 Tonantis
912 1192 1044 1255 Huyesiae.
1063 1207 1155 1256 nempe
1171 1194 1287 1242 statuarii

167 1278 311 1327 laudantur.
331 1276 503 1337 Quintilianus
515 1276 559 1325 lib.
573 1281 612 1324 12.
631 1275 714 1325 Iustit.
728 1290 782 1338 cap.
798 1281 828 1325 10
842 1274 869 1338 [ξ
883 1273 923 1336 7];
940 1275 1006 1326 Nam
1023 1273 1122 1324 duriora
1133 1283 1156 1324 et
1171 1275 1287 1325 Tuscani·

168 1360 203 1409 cis
211 1359 324 1424 proxima
339 1356 396 1408 Calo
408 1369 477 1421 atque
489 1357 615 1422 Hepesiaa
628 1358 676 1406 iam
688 1357 765 1407 minus
776 1357 858 1420 ripida
872 1355 985 1420 Galatam
1002 1357 1113 1408 molliora
1123 1359 1202 1408 adhuc
1212 1376 1287 1424 supra

169 1441 239 1491 dictis
255 1443 345 1507 Myron
353 1442 424 1505 fecit.
450 1443 528 1505 Lapis
544 1442 571 1490 in
587 1442 692 1491 aedibus
709 1442 797 1492 Witaii
813 1442 861 1491 viri
877 1442 1016 1493 consularis
1032 1444 1234 1494 Amstelaedami
1252 1459 1287 1493 ex

168 1528 233 1577 Asia
245 1529 374 1578 advectus:

247 1604 355 1659 ΓΑΙθΝ
365 1603 567 1659 ΒΙΛΛΙΗΝθΝ
578 1604 686 1659 rator
695 1604 719 1658 Y
715 1603 780 1660 ION
790 1593 1025 1660 HPEPBEYTHN

248 1689 414 1743 Puuntuu
425 1689 464 1743 Ol
473 1688 522 1742 ΕΝ
534 1686 647 1742 hunul
654 1687 905 1742 EPFAZOMENOI
916 1688 1136 1744 ΕΥΕΡΓΕΣΙΑΣ

247 1772 396 1828 ENEKEN
410 1771 478 1826 ΤΗΣ
487 1771 548 1825 ΕΙΣ
558 1771 718 1826 annuunt
728 1771 923 1826 ANEeHKAN

249 1857 400 1913 ΑΓΑΣΙΑΣ
411 1855 782 1910 ΜΗΝΟΦΙΛΟΥΕΦΕΣΙΟΣ
791 1855 919 1909 ΕΠθΙΕΙ

249 1941 497 1996 relatiuam
508 1939 623 1994 ΣΚθΠΑ
637 1940 768 1994 ululat
777 1939 1044 1997 ΕΠΕΣΚΕΥΑΣΕΝ.

172 2033 237 2096 [Cir.
250 2034 331 2094 Sillig.
345 2031 428 2081 catal.
441 2029 507 2079 artis.
520 2046 545 2092 p.
558 2027 628 2091 255]
646 2031 774 2091 Agnoscit
785 2041 811 2078 et
822 2030 977 2081 Hermolaus
988 2031 1100 2095 Apesiae,
1113 2042 1138 2083 et
1155 2048 1187 2084 ex
1204 2050 1234 2085 eo
1251 2036 1288 2086 ia.

170 2118 204 2166 cit
214 2115 340 2179 Hepaiae.
359 2114 448 2178 Itaque
460 2115 545 2174 miror,
560 2114 616 2176 quis
628 2115 654 2162 id
665 2127 759 2163 namen
773 2114 901 2163 deleverit.

205 2197 258 2263 [19,
271 2197 316 2261 80]
335 2197 486 2247 Menaechmi
499 2196 577 2246 uultus
591 2213 653 2262 penu
661 2196 790 2260 premitur]
809 2198 884 2249 Voss.
898 2198 966 2249 (lud.
977 2199 1058 2250 Acad.
1071 2202 1174 2265 Menap.
1188 2201 1287 2252 Menae-

169 2284 229 2334 chitn
241 2282 336 2332 vitulus.
425 2278 432 2289 ⁸

204 2367 258 2431 [19,
271 2365 315 2429 82]
335 2367 428 2416 Brutus
439 2365 602 2429 Philippensis
613 2365 748 2430 copnomine
758 2382 800 2414 suo
812 2365 952 2429 illustravit]
970 2368 1033 2418 Post
1049 2370 1114 2418 haec
1130 2355 1208 2419 verha
1224 2385 1287 2421 con·

168 2455 280 2503 tinenter
297 2453 323 2500 in
340 2452 407 2502 Gud.
420 2452 489 2500 Men.
502 2451 584 2500 Acad.
603 2452 718 2513 quamvis
734 2451 823 2501 mediis
839 2450 938 2514 paginis
956 2460 1094 2516 sequuntur
1110 2452 1174 2515 quod
1190 2454 1288 2518 saepius

161 2538 253 2599 fecisse
265 2536 364 2585 bonitati
372 2534 500 2598 plurimun
512 2535 609 2597 confert,
621 2536 648 2584 in
660 2536 751 2600 quibus
762 2537 850 2585 finitur
859 2536 909 2584 huc
921 2545 1005 2600 caput.
1022 2536 1158 2586 Interiectu
1170 2538 1271 2590 desunt.

204 2619 258 2683 [19,
272 2618 316 2680 86]
336 2617 437 2681 Apellae
454 2627 477 2666 et
492 2618 620 2666 adorantes
628 2619 752 2683 foeminas
762 2618 897 2682 Antiponus
908 2619 1107 2684 Persiayomenon]
1126 2623 1288 2683 Hermolaus,

169 2703 268 2752 anhelas
280 2711 302 2751 et
314 2702 452 2751 adorantes:
475 2704 517 2752 rel
532 2701 638 2766 plebeias
657 2711 679 2750 et
695 2701 830 2752 adorantes.
853 2703 929 2753 Voss.
946 2702 1047 2766 Apelles
1062 2703 1106 2754 sed
1120 2704 1247 2755 adorantes
1262 2723 1288 2755 se

161 2789 284 2850 foeminas
296 2786 440 2849 Antianotus
452 2794 474 2833 et
486 2785 611 2834 luctatores
618 2802 800 2850 peronymenon.
818 2789 905 2849 Forte,
917 2786 1017 2851 Apellae
1028 2787 1123 2837 Ledam
1140 2797 1163 2838 et
1178 2799 1288 2839 ornantes

169 2871 329 2935 sefoeminas.

204 2958 258 3022 [19,
275 2955 319 3018 88]
339 2956 428 3021 Mycon
444 2953 539 3004 athletis
554 2952 682 3019 spectatum]
701 2956 778 3006 Voss.
797 2963 924 3019 spectatur,
941 2963 970 3006 ut
986 2957 1030 3005 lib.
1048 2954 1285 3019 35,11[40,141]:

168 3040 281 3092 Eudorus
292 3057 363 3089 scena
375 3048 500 3103 spectatur.
895 3061 901 3066 ·
975 3053 982 3062 ·

204 3125 257 3189 [19,
271 3124 315 3187 89]
334 3125 467 3174 Pisicrates
480 3124 548 3188 bipae
560 3123 632 3174 Pitho
648 3122 766 3173 mulierem
782 3122 901 3188 imposuit]
925 3124 1001 3174 Voss.
1023 3124 1151 3188 lisiardus
1167 3125 1235 3188 hipae
1249 3125 1288 3187 pi·

168 3219 229 3259 stan.
247 3211 298 3262 Sed
310 3211 424 3258 nondum
436 3211 508 3258 locus
524 3206 646 3269 Tieicrati,
664 3223 721 3258 cum
738 3209 853 3258 ordinem
870 3208 1010 3272 primarum
1022 3209 1153 3258 literarum
1165 3209 1191 3256 in
1203 3210 1288 3258 nomi·

169 3295 242 3343 nibus
255 3303 382 3356 sequatur.
407 3294 479 3354 Quae
492 3301 577 3342 autem
589 3291 673 3340 mulier
684 3292 729 3340 illa
740 3290 830 3341 Pitho?
848 3293 1001 3342 Hermolaus
1014 3291 1124 3342 Suadam
1136 3293 1289 3355 interpreta-

169 3384 214 3427 tun
228 3385 272 3425 aut
288 3378 425 3436 legendum
437 3377 513 3436 Pisto,
532 3391 597 3439 quae
614 3377 646 3424 sit
659 3375 809 3426 Credulitas.
831 3377 1014 3439 Daleeampius
1030 3392 1082 3425 non
1096 3371 1243 3441 μελίγηρυν
1263 3387 1290 3426 et

168 3460 331 3510 flexanimsm
344 3459 464 3519 Suadam,
478 3463 522 3508 sed
530 3461 641 3510 Dianam
653 3461 805 3522 cognomine
817 3461 862 3510 tali
874 3461 905 3510 ab
915 3461 1116 3523 Hypermnestra
1127 3460 1237 3509 dicatam
1249 3461 1289 3509 iu·

169 3545 334 3608 telligendam
345 3548 440 3602 monet,
454 3548 517 3592 teste
529 3544 665 3593 Pausania.
681 3542 820 3606 Nunquam
829 3558 884 3592 eam
893 3544 992 3593 Plinius
1000 3543 1074 3592 Pitho
1084 3540 1200 3590 mulierem
1210 3543 1290 3592 dixis-

169 3639 214 3680 set.
233 3630 363 3694 Suspicor,
376 3629 445 3691 quod
457 3628 526 3691 prius
539 3635 583 3686 est,
596 3642 649 3677 non
661 3643 716 3678 esse
725 3643 818 3677 nomen
831 3628 940 3689 artificis,
954 3628 996 3677 sed
1011 3629 1093 3691 operis
1106 3628 1210 3689 exiliis,
1223 3642 1290 3690 quae

169 3713 230 3763 iecit
240 3714 381 3774 Niceratus,
395 3720 419 3760 et
431 3713 558 3775 scripsisse
570 3712 694 3763 Plinium:
710 3711 840 3761 Pisistrati
856 3711 923 3775 hique
934 3711 1023 3776 Phyan
1039 3711 1158 3760 mulierem
1171 3711 1290 3774 imposuit

169 3799 282 3848 Historia
298 3807 336 3848 est
353 3799 421 3862 apud
437 3797 597 3847 Herodotum
613 3798 677 3846 libro
694 3798 775 3860 primo
795 3795 862 3859 [cap.
876 3793 929 3856 60].
957 3797 1076 3846 Valerius
1092 3796 1223 3847 Maximus
1238 3800 1259 3856 1,
1274 3799 1289 3842 2

120 3887 122 3895 '
170 3880 278 3943 [extera.
292 3880 333 3944 2]:
352 3882 497 3931 Pisistratus
509 3881 533 3930 in
545 3879 708 3944 recuperanda
720 3877 853 3946 tyrannide,
874 3896 944 3943 quam
957 3881 1079 3941 commorat,
1091 3877 1239 3929 simulatione
1251 3894 1288 3925 re-

170 3964 274 4015 ducentis
289 3982 314 4016 se
330 3966 356 4014 in
372 3983 449 4015 arcem
467 3965 593 4016 Minervae
609 3973 644 4013 est
660 3981 729 4013 mars:
750 3980 800 4014 cum
814 3979 859 4028 per
875 3964 1050 4035 ostentationem
1067 3963 1163 4028 ipnotae
1174 3961 1289 4022 mulieris,

169 4065 230 4110 quae
242 4048 313 4113 Phys
325 4053 462 4112 vocabatur,
467 4053 592 4112 formatae
604 4048 639 4097 ad
650 4048 754 4097 habitum
766 4047 901 4108 Minervae,
913 4047 1069 4097 Athenienses
1081 4047 1206 4111 deciperet.

107 4135 155 4182 827
205 4130 258 4194 [19,
272 4133 316 4195 91]
334 4135 479 4199 Protopenes
494 4133 554 4184 idem
568 4134 666 4197 pictura
683 4130 837 4194 aleramnus]
855 4134 1005 4196 Exquisitus
1017 4134 1169 4184 Vossianus:
1179 4131 1291 4197 picturae

169 4212 323 4279 clarissimae,
343 4228 373 4269 ut
384 4220 429 4270 lib.
443 4227 484 4282 35,
498 4227 514 4271 4
527 4217 563 4283 [7,
579 4216 621 4280 19]
636 4217 710 4268 Fabii
722 4216 870 4268 clam'ssimae
880 4216 964 4282 pantu.
