2760 4734
622 270 767 314 ououovl

510 448 577 514 AD
598 446 715 513 LIBR.
737 444 892 513 XXXI.

167 594 232 643 Can.
244 593 278 641 11.
292 588 329 652 [1,
342 588 370 651 4]
393 588 463 637 Alibi
479 587 572 653 tepidae
588 586 739 651 caelidoeque
749 584 850 636 auxilia
864 587 1021 637 morborum
1034 586 1194 651 consereretu]
1212 588 1271 639 Van.

134 684 161 726 at
173 676 296 725 Pintiani:
313 673 378 723 oliae
395 672 488 736 tepidae
503 670 654 737 malitiaeque
669 669 763 721 ausib'o
778 672 925 721 morborum
939 670 1111 737 profluam.
1130 672 1271 735 Quotiabtt

133 775 205 809 suam
219 759 355 807 Venerem.

169 841 207 904 [2‚
220 838 247 903 5]
270 845 337 898 Quae
354 840 378 887 ia
394 838 493 889 Baiano
504 837 652 887 Posidium
667 835 792 899 vomam]
815 838 904 889 Voss.
923 854 998 901 quoe
1015 838 1045 889 t‘tt
1064 838 1122 889 bole
1136 838 1270 889 Pontum

135 933 254 975 uocantur.
274 926 354 985 Lege:
371 938 432 985 quae
449 938 510 971 nune
520 922 604 971 Baiae
614 920 763 971 Posidianae
777 928 910 983 matur,
929 922 1039 972 nomiae
1051 932 1153 989 aeespto
1163 941 1180 972 a
1191 920 1269 973 (tuti

137 1008 249 1058 tuesarts
266 1008 355 1057 liberta.
378 1008 476 1056 Passim
487 1008 514 1054 in
526 1006 624 1069 optimo
636 1004 703 1053 libro
714 1020 744 1053 na
754 1004 889 1067 significat
900 1020 985 1055 nunc:
1006 1020 1047 1057 ex
1059 1020 1094 1057 eo
1105 1004 1139 1057 τὸ
1151 1007 1175 1055 is
1184 1006 1269 1057 isam.

135 1094 238 1144 Solebat
255 1101 340 1140 autem
358 1091 473 1153 quisque,
491 1090 534 1151 qui
546 1090 677 1153 praedium
692 1087 746 1137 illio
763 1087 883 1149 baberet,
901 1088 1000 1139 Baias
1017 1106 1083 1139 suas
1097 1093 1189 1143 (iissre.
1210 1090 1268 1143 usu

135 1186 161 1226 et
173 1176 303 1227 Ciceronis
315 1175 358 1222 lib.
369 1179 392 1222 9.
405 1173 483 1221 famil.
496 1179 535 1222 12.
556 1170 672 1223 Gratulor
682 1170 757 1221 Baiis
768 1169 866 1231 noenu,
879 1170 1024 1235 mausileum,
1037 1182 1068 1223 ut
1078 1175 1173 1233 saibss
1181 1172 1268 1223 nube

134 1270 226 1325 repetas
235 1260 322 1323 saetae
337 1264 397 1306 mat.
415 1256 470 1305 Nee
486 1256 559 1305 aliter
571 1254 670 1304 Plinius
685 1254 729 1303 lib.
746 1260 770 1303 1.
787 1252 862 1316 epist.
882 1259 917 1304 15
932 1252 992 1317 [1].
1017 1255 1148 1315 Quomodo
1164 1264 1185 1307 u
1199 1264 1268 1307 m·

134 1346 217 1397 allarsi
228 1343 278 1392 uti?
300 1339 412 1404 qtsousoslo
427 1340 511 1403 emptio
528 1343 607 1387 aava?
632 1338 684 1387 Sed
700 1346 726 1385 st
741 1338 780 1387 siu
795 1336 856 1387 Sex.
889 1338 1052 1403 Pompeius
1069 1344 1143 1407 apud
1157 1344 1266 1393 Vella

133 1432 174 1480 lib.
188 1438 211 1479 2.
225 1428 277 1489 [77‚
292 1425 329 1486 l]:
351 1424 381 1471 la
396 1422 491 1471 tisriais
505 1423 554 1471 suis
569 1437 595 1469 se
610 1436 705 1469 coenam
721 1418 792 1469 dare:
810 1422 882 1482 qaod
900 1422 963 1473 olus
981 1430 1120 1487 paternae
1135 1428 1208 1477 uuita
1218 1438 1266 1489 pst!

133 1519 217 1562 essent
230 1510 379 1560 carinarum
391 1508 416 1554 in
430 1508 499 1565 arbe,
512 1513 537 1554 et
549 1506 574 1553 in
586 1504 712 1567 praetoris
724 1504 782 1552 navi
792 1512 924 1566 putent.

167 1592 203 1655 [3,
218 1590 244 1651 7]
272 1590 304 1639 L't
321 1588 431 1650 pretium
452 1596 562 1635 noscatur
581 1588 652 1634 etiam
673 1584 826 1634 ministerium
843 1584 898 1635 eius
915 1602 948 1635 es
967 1586 1022 1637 itta
1039 1588 1181 1653 mamma]
1201 1588 1264 1639 Vt·-

133 1674 311 1726 ministeriorum
328 1670 420 1718 innuistis
436 1686 466 1717 ea
482 1669 526 1719 iila
542 1670 667 1717 maiestate
684 1669 800 1734 ireysnam.
816 1684 909 1732 ponam
927 1672 1009 1723 enirn.
1030 1683 1063 1726 nt
1074 1674 1132 1725 fere
1144 1672 1263 1725 etcbiiet

132 1764 174 1811 Ex
185 1774 236 1821 qno
247 1756 308 1819 qaid
320 1754 449 1813 tentarint,
458 1760 562 1815 apperet
574 1754 600 1800 in
614 1753 778 1815 marginibus.
796 1752 950 1803 Pintianus:
964 1756 1033 1817 quin
1043 1757 1163 1819 protisess
1171 1764 1264 1806 aaut!

133 1844 204 1891 etiam
219 1838 396 1889 mirtuteriorum
409 1836 459 1885 sius
471 1835 569 1885 haustas
581 1852 611 1883 ea
623 1835 666 1884 illa
678 1836 808 1883 maiestate.
825 1835 893 1885 Mihi
905 1838 1090 1889 scribendum
1101 1840 1234 1891 videbatur:
1242 1846 1262 1885 st

129 1928 239 1991 protinus
254 1931 365 1972 noscatur
380 1920 450 1969 etiam
467 1919 533 1983 (ipse
549 1920 646 1969 scilieet
658 1917 761 1980 Cicero)
778 1918 968 1967 ministeriorum
990 1920 1095 1971 bausts's
1106 1938 1139 1971 ss
1149 1920 1192 1971 illo
1202 1920 1260 1969 fleis·

132 2019 192 2059 state
208 2008 313 2072 itinerum.
336 2005 399 2055 Tale
416 2014 455 2053 est
471 2004 562 2053 Iustini
581 2008 619 2064 15,
637 2000 774 2065 6[potins:
793 2007 833 2063 14,
852 2008 876 2062 t,
894 2000 938 2064 11]
958 2012 991 2051 ut
1007 2004 1185 2055 Alexandnnn
1195 2020 1261 2069 poue

132 2094 202 2141 etiam
220 2092 243 2139 ia
261 2090 371 2137 automata
387 2094 462 2135 matre
479 2102 612 2150 samsone.
629 2084 818 2135 ifinistermrum
835 2094 860 2134 et
871 2084 957 2136 acad.
972 2086 1174 2155 Gudianusqae
1189 2088 1262 2139 etita

132 2175 258 2227 Vossiani.
463 2230 473 2239 .

167 2258 221 2321 [ls,
237 2255 281 2317 23]
309 2254 407 2305 Periuri
426 2262 537 2302 notantur
554 2253 610 2317 pati
628 2250 690 2301 uelut
702 2250 830 2315 stammam
851 2251 970 2314 merstem]
1006 2256 1153 2309 Hermoni
1172 2268 1209 2309 ut
1222 2272 1259 2321 pm

133 2350 252 2393 rtecaruar.
279 2340 328 2390 Sed
345 2339 421 2387 Voss.
438 2345 560 2401 nequitur.
583 2338 609 2386 ii
627 2345 673 2395 est,
691 2336 826 2385 traduntur
845 2349 897 2384 non
917 2338 971 2400 pati
991 2352 1028 2389 uo
1045 2343 1178 2393 susannae
1191 2352 1259 2407 pou.

132 2428 175 2477 lib.
189 2432 229 2485 20,
243 2432 256 2474 5
276 2423 329 2486 [15‚
348 2420 406 2481 31]:
433 2421 554 2469 Habentes
574 2436 625 2467 eam
637 2419 716 2482 feriri
734 2434 751 2466 a
769 2418 918 2481 serpentibus
939 2430 1081 2482 nsyantur.
1110 2434 1140 2475 et
1159 2424 1260 2475 similiter

132 2512 176 2559 lib.
190 2516 230 2568 22,
244 2514 273 2557 21
294 2504 347 2567 [15,
361 2503 416 2564 52]:
438 2504 560 2553 Habentes
575 2519 626 2551 eam
644 2520 661 2551 a
675 2502 819 2565 serpentibus
826 2500 905 2565 fuiti
919 2512 1056 2567 aequatur.
1085 2506 1134 2559 Sia
1150 2518 1176 2559 at
1190 2508 1259 2557 eoin

131 2592 249 2642 Pintiani.

166 2673 219 2735 [19‚
232 2671 276 2734 26]
300 2672 378 2720 Tertio
390 2669 428 2719 die
439 2670 463 2718 ui
473 2670 597 2732 quisquam
609 2668 701 2732 biberit]
723 2671 798 2719 Voss.
818 2677 844 2718 et
855 2670 981 2719 sinuant:
1003 2672 1095 2737 Lycus
1108 2674 1136 2723 in
1147 2671 1258 2723 Leontinis

132 2757 199 2805 tertio
211 2755 257 2815 die,
270 2770 340 2816 quam
353 2754 406 2815 quis
419 2753 511 2801 biberit.

166 2838 219 2901 [19,
236 2836 280 2898 27]
298 2836 414 2898 nivesque,
432 2850 492 2897 quiae
506 2834 666 2899 nutaverint,
686 2836 755 2884 iusto
770 2842 875 2884 manuos
890 2832 980 2896 iacere]
1015 2838 1097 2891 Voss.
1116 2858 1187 2901 asse,
1204 2854 1258 2903 quse

131 2924 313 2989 deaastaveriat.

166 3007 219 3070 [20‚
232 3008 276 3071 29]
300 3007 364 3056 Fons
380 3012 422 3065 est,
440 3003 483 3066 qui
497 3018 633 3067 quacunque
649 3002 715 3066 riqat
730 3000 849 3065 lapideam
853 3000 922 3064 facit
933 3001 1041 3065 mam]
1065 3006 1185 3057 Pintiani
1197 3006 1255 3055 libes

131 3097 184 3144 sine
197 3092 235 3157 τῷ
246 3092 294 3155 qai,
307 3088 434 3152 etsaeiens
445 3087 571 3151 profusit.
594 3088 668 3135 Voss.
678 3087 740 3147 sons
756 3093 791 3133 est
806 3100 943 3147 quoeunque
959 3084 1030 3148 aaut
1047 3086 1160 3151 lapidem
1167 3088 1255 3155 sacius

131 3187 173 3226 ter.
186 3178 247 3227 iteut.
266 3176 363 3226 Scribe:
376 3172 406 3220 Ia
418 3172 624 3236 Perperenissous
635 3178 677 3229 est,
689 3184 838 3232 quaeeunque
848 3168 921 3231 risui,
933 3166 1156 3235 lapideusaeim.
1174 3174 1255 3237 Suaui·

131 3273 182 3311 tar:
200 3260 259 3308 Item
271 3256 367 3306 calidae
383 3273 460 3318 aquae
476 3256 501 3304 in
513 3255 624 3303 Euboeae
635 3251 715 3303 Delio.
737 3252 848 3314 mumque
863 3250 933 3300 alluit
948 3251 1027 3301 riuus.
1053 3254 1085 3305 ln
1102 3272 1159 3320 quo
1175 3258 1255 3307 merito

131 3344 229 3393 notavit
242 3340 380 3389 Salmasius
392 3339 495 3387 Delium
507 3340 571 3385 iliad
583 3340 703 3387 Euboeae
715 3338 833 3399 ignorari,
847 3335 1013 3398 coniecitqna
1034 3336 1062 3385 in
1073 3336 1193 3389 Euboeae
1202 3340 1254 3397 Die,

130 3428 162 3474 ud
172 3424 253 3474 Solia.
265 3437 290 3483 p.
302 3427 357 3469 144.
377 3420 443 3469 Gud.
456 3434 557 3483 qaoque
570 3429 596 3467 ot
607 3420 689 3469 Acsd.
701 3420 885 3482 bienepinsqno
896 3417 920 3465 in
930 3416 1063 3469 eubosdion
1074 3437 1189 3487 numqua.
1205 3426 1256 3475 Aa·

131 3511 220 3569 degat.
239 3504 262 3552 ia
279 3500 439 3552 euboeciebiou.
464 3518 571 3563 nonique.
598 3503 781 3552 Praestantior:
804 3502 828 3551 ia
849 3502 948 3551 euboeae
967 3500 1057 3551 melam
1073 3522 1123 3567 pro
1140 3524 1197 3557 um
1211 3522 1255 3571 qua

130 3590 282 3648 callisinus,
299 3598 362 3649 tum,
379 3584 521 3634 altitudinis.
549 3585 714 3636 Scribonium
735 3601 835 3636 conseo:
857 3586 918 3635 ture
938 3584 1000 3634 idem
1020 3586 1122 3637 mildae
1138 3589 1255 3655 aquosis

129 3677 241 3724 Euboeae
253 3673 352 3723 Dianae
366 3670 537 3735 promontorio:
558 3685 612 3716 uam
631 3685 679 3731 qua
696 3669 761 3718 cadit
777 3669 849 3729 rivus,
865 3685 928 3718 susa
943 3670 968 3717 iu
984 3667 1132 3721 altitudines
1143 3682 1255 3725 meust.

129 3760 295 3809 Artemisium
317 3756 451 3819 signifieat.
478 3754 620 3815 Vulgatnm
641 3764 679 3803 est
695 3770 710 3803 a
727 3753 844 3813 Gelonis,
865 3768 923 3803 cam
943 3754 1087 3815 legeretur,
1106 3754 1134 3803 in
1150 3754 1254 3805 Euboea

131 3842 161 3889 Iu
172 3841 276 3889 Lebeda.

164 3922 254 3986 [thia]
277 3923 388 3987 Lapides
401 3922 475 3983 Jiuut.
498 3920 528 3969 Ia
548 3919 648 3969 iblossis
660 3920 753 3983 flutaeu
770 3929 817 3981 est,
836 3920 859 3968 iu
875 3936 920 3983 quo
938 3917 1035 3981 lateres]
1060 3922 1126 3973 Mes.
1145 3922 1255 3989 lapideae

121 4008 196 4067 fiant.
223 4008 330 4066 Deinde,
343 4006 437 4067 flamen
458 4013 493 4053 est
512 4003 633 4053 celatores.
659 4005 740 4067 Lege:
764 4004 795 4053 la
814 4002 915 4053 Colossis
923 4002 1018 4067 flumen
1033 4012 1079 4067 est,
1100 4022 1150 4071 quo
1172 4008 1255 4057 lateres

128 4090 226 4137 conuecti
245 4088 337 4153 bspicies
354 4088 516 4137 sanabuntur.
544 4090 590 4137 Est
609 4097 692 4137 autom
711 4089 760 4137 hoc
776 4089 852 4151 quale
870 4090 952 4139 Ovidii
972 4088 1017 4138 lib.
1036 4094 1059 4139 1.
1079 4092 1255 4157 metamorph.

128 4188 151 4220 v.
166 4178 225 4222 133:
