2760 4734
471 280 576 322 nonne
591 280 635 321 11)
649 280 732 322 mun.
747 280 867 322 xxxur.
1188 261 1231 326 83

108 430 183 482 tinni:
202 443 253 493 quo
265 442 318 479 non
330 435 465 478 contentus
476 430 520 479 ille
533 430 637 492 corrigit
648 429 673 477 in
685 428 741 492 ipso
751 428 843 479 Lindo:
859 444 942 492 nsque
959 431 1027 480 enim
1039 442 1141 481 necesse
1152 431 1231 482 inisse

108 515 228 575 subiungi
246 512 270 561 in
288 512 342 576 ι’ρια
357 511 452 573 Rhodo,
473 528 532 562 cum
552 530 568 563 a
587 514 713 577 principio
730 513 827 563 dictum
847 513 914 563 foret
933 513 958 562 in
974 513 1123 564 Rhodiorum
1144 514 1229 564 insula.

107 598 193 648 Immo
215 597 276 659 quid
291 611 395 645 necesse
412 595 460 645 fuit
481 598 570 646 subiici
587 597 683 661 inipso
699 595 794 658 Lindo,
815 612 873 646 cnm
893 604 946 646 tum
965 599 1075 647 ricinum
1094 601 1231 662 praecedat

106 679 176 746 opud
185 678 302 729 Lindiam
314 679 467 730 Miner-vomi
485 683 529 731 An
539 682 633 731 Lindia
644 684 761 732 Minerva
771 696 823 731 non
835 689 889 730 erut
900 681 927 730 in
943 682 998 744 ipsa
1009 680 1110 732 Lindo?
1127 683 1166 732 At
1176 680 1231 745 ipsu

107 762 208 815 mmm
223 778 275 813 non
292 771 330 813 est
346 765 507 815 Rhodiorum
526 766 610 815 insula
625 767 721 826 Plinio,
742 768 787 814 sed
804 767 925 830 oppidum
943 765 1051 816 Rhodos
1071 766 1099 813 in
1113 767 1230 816 Rhodio-

107 864 165 898 rum
176 848 268 898 insula

97 977 99 982 .
144 930 197 994 [55,
213 930 273 993 ltu]
291 929 323 979 Iu
335 929 423 980 duobus
434 931 529 996 scyphis
539 932 606 983 lis
618 931 682 983 XII
689 931 831 995 radmodis]
849 934 907 996 Ego
921 933 1075 996 interpretor
1086 934 1228 983 sestertium

108 1016 254 1076 duodecies,
271 1017 356 1076 idest,
375 1029 451 1065 censu
463 1019 597 1078 senatorio,
614 1017 650 1066 uit
661 1018 790 1067 Budaeus.
808 1018 846 1068 At
858 1017 1021 1068 ciacconiuss
1038 1017 1111 1077 Quae
1122 1015 1231 1066 notassi
1334 1077 1343 1084 ἢ

108 1097 233 1148 duodecies
248 1099 378 1149 sestertidm
394 1101 540 1163 designent,
561 1103 667 1163 triginta
682 1109 841 1151 scutatorum
857 1100 938 1150 millis
955 1102 1104 1150 conficiunt:
1124 1100 1230 1159 sivero,

109 1186 231 1247 quonism
243 1186 275 1234 de
284 1184 388 1234 Graecis
400 1186 434 1233 ibi
445 1200 528 1235 sermo
540 1193 585 1246 est,
595 1180 617 1233 A
627 1183 694 1246 XII,
705 1186 786 1246 idest,
798 1184 891 1234 tolemis
899 1184 1026 1246 duodecim,
1037 1194 1076 1236 est
1085 1186 1231 1247 legendum,

109 1271 201 1319 scutati
218 1277 278 1318 sunt
295 1273 368 1319 7200.
396 1268 534 1319 Salmasius
551 1271 667 1331 corrigit,
687 1269 802 1317 sestertiis
819 1269 933 1331 qumque,
950 1268 993 1318 hoc
1009 1277 1054 1330 est,
1073 1267 1153 1332 pondo
1169 1265 1236 1318 XII

109 1351 249 1401 aestimatis.
276 1352 353 1413 Quod
369 1354 488 1416 equidem
504 1355 584 1402 miror
599 1354 773 1414 vehementer,
794 1368 852 1403 cum
867 1367 971 1417 prorsus
987 1355 1123 1404 abhorreat
1137 1369 1153 1402 u
1169 1367 1230 1401 con-

108 1436 242 1486 suetudine
261 1437 353 1486 Lutine
373 1437 540 1499 loquentium.
567 1439 708 1487 Vossianus
728 1437 793 1486 nihil
813 1445 903 1486 mutat.
930 1437 996 1488 Gud.
1017 1438 1087 1486 Men.
1108 1446 1133 1486 et
1147 1435 1229 1486 Acod.

105 1518 187 1583 pondo
202 1518 269 1569 XII.
290 1520 380 1583 Itaque
396 1520 582 1583 simplicissimo
597 1520 766 1583 intelligenda
783 1521 917 1570 duodecim
932 1519 1014 1570 millia
1029 1525 1169 1580 nummum,
1186 1535 1230 1570 seu

109 1605 216 1656 nocenti
224 1605 345 1668 Philippi.
356 1604 415 1653 Hoc
427 1611 452 1653 et
463 1605 585 1654 materiae
597 1613 623 1654 et
634 1619 724 1654 manus
735 1605 856 1668 pretiumt
864 1606 910 1653 sed
919 1606 1040 1654 materiae
1047 1619 1100 1654 non
1109 1617 1231 1666 magmm
1244 1588 1247 1605 ¹

109 1691 211 1751 pondus
222 1687 299 1739 fuisse
311 1690 337 1738 in
349 1690 451 1752 scyphis
463 1690 524 1738 satis
535 1690 623 1752 liquet

144 1769 208 1835 [nn]
229 1771 301 1821 Ouius
316 1774 384 1823 bmee
400 1772 483 1821 unciae
499 1772 585 1835 uicisti
596 1770 730 1834 venierunt]
747 1773 779 1823 In
791 1780 892 1823 vetusto
909 1774 1049 1836 exemplari
1066 1787 1120 1821 non
1137 1771 1229 1835 uiqintr',

110 1860 155 1907 sed
166 1855 243 1905 &cem
254 1857 305 1920 legi
317 1863 425 1906 testatur
436 1858 570 1917 Budaeus,
585 1858 722 1919 utrobique
734 1863 820 1905 nmen
832 1858 919 1906 deone
930 1870 1055 1906 summum
1067 1857 1154 1904 rideri.
1172 1856 1227 1906 Sal-

109 1941 217 1990 masius:
238 1942 293 1991 Ant
309 1944 342 1990 do
358 1941 446 2004 pondo
461 1948 507 1990 aut
523 1943 555 1990 de
571 1941 691 1990 sestertiis
708 1939 915 2002 intelligendum,
936 1954 1002 2003 quae
1021 1941 1135 1990 sestertia
1154 1940 1230 1990 libres

110 2024 173 2074 duas
189 2039 247 2073 curn
264 2026 368 2074 semisse
384 2024 482 2074 isciunt
497 2026 603 2087 umenti.
622 2025 665 2075 Sic
681 2023 732 2073 ille.
754 2025 861 2074 Frustra
876 2025 983 2074 dubitat
1001 2026 1035 2074 Et
1051 2023 1130 2072 uenire
1146 2023 1232 2088 εἰρίνεα·

107 2107 187 2171 ponde
202 2116 228 2158 et
238 2108 362 2157 aestimari
377 2107 497 2157 duodecim
511 2106 599 2172 pondo,
618 2112 687 2170 qnod
702 2110 734 2158 sit
751 2111 832 2172 pretio
845 2108 966 2158 librsrum
978 2110 1067 2171 viginti
1078 2118 1123 2160 ant
1136 2112 1229 2159 duode-

110 2194 167 2254 cim,
184 2208 312 2243 sermones
324 2201 383 2243 sunt
394 2200 518 2242 mercatus
529 2206 582 2242 non
593 2193 717 2242 Romani:
733 2206 817 2255 noque
833 2193 901 2241 enim
917 2192 976 2253 illis,
993 2207 1024 2242 eo
1035 2193 1123 2255 utique
1136 2193 1229 2254 seculo,

73 2302 77 2308 ·
109 2285 139 2325 ut
153 2278 228 2327 nobis
244 2279 328 2339 hodie,
345 2276 406 2325 libro
423 2277 464 2326 vel
478 2275 559 2340 pendo
575 2278 673 2339 argenti
688 2292 734 2340 pro
751 2277 844 2338 signati
859 2277 959 2338 argenti
975 2290 1075 2325 summa
1091 2277 1228 2326 dicebatur.

110 2361 187 2421 Quod
199 2373 283 2412 eutem
294 2364 387 2411 librum
399 2368 510 2411 veterem
519 2360 557 2422 X,
566 2376 620 2409 uon
628 2360 695 2419 XX,
704 2360 821 2409 habuisse
833 2361 876 2420 ait,
888 2359 909 2408 is
921 2367 992 2409 tanto
1004 2361 1076 2423 peior
1087 2359 1143 2408 fnit.
1153 2359 1228 2409 Voss.

109 2446 188 2494 clere:
205 2444 264 2493 Fuit
279 2452 301 2492 et
311 2444 425 2509 Pytheos,
442 2444 510 2493 euius
527 2443 589 2493 duae
604 2443 689 2492 unciae
699 2444 763 2494 XX
775 2442 902 2493 venierunt.
920 2444 978 2494 Hoc
989 2452 1035 2503 est,
1052 2444 1141 2506 viginti
1153 2443 1229 2493 milli·

108 2531 157 2578 bus
170 2531 308 2588 nummum,
326 2541 392 2590 quae
409 2536 434 2577 et
449 2528 539 2589 viginti
551 2529 665 2577 sestertia
681 2528 806 2588 dicebant,
824 2537 850 2577 et
865 2534 924 2577 sunt
939 2527 1018 2577 nostri
1029 2527 1144 2591 Philippi
1157 2528 1228 2590 quin·

109 2611 195 2674 genti,
219 2625 297 2673 quum
322 2611 401 2661 solius
425 2612 547 2661 materiae
566 2611 677 2675 pretinm
697 2613 747 2662 sint
769 2613 878 2662 sedecim
899 2611 1009 2672 denarii,
1031 2611 1072 2661 rel
1096 2613 1231 2674 sexaginta

109 2702 221 2760 quatuor
232 2695 329 2744 nummi
341 2697 457 2757 sestertii,
468 2697 551 2746 nostri
563 2698 614 2745 duo
627 2696 704 2746 deleri
716 2704 761 2746 snt
772 2697 861 2760 paullo
874 2697 940 2761 plus.
958 2696 1025 2747 (lud.
1038 2711 1147 2760 qnoque,
1158 2698 1228 2746 Men.

110 2789 136 2830 et
146 2781 228 2829 Aead.
241 2777 303 2827 duae
315 2777 398 2827 unciae
409 2778 500 2843 usqisti.

65 2856 68 2860 ’
144 2863 197 2926 [55,
212 2861 272 2924 157]
290 2863 330 2914 Ne
341 2863 448 2927 exempla
459 2862 552 2926 quedem
563 2862 643 2913 &oret
653 2864 797 2928 exprimere:
813 2873 861 2913 tom
873 2873 1007 2929 opportuno
1019 2862 1134 2925 iniurius]
1152 2864 1229 2915 Voss.

111 2963 220 3012 qnoque,
237 2950 306 2998 Men.
319 2949 386 2998 Gud.
399 2957 425 2998 et
435 2949 516 2998 Acad.
532 2947 686 3011 ermuploriu.
708 2949 842 2999 Bsinesius
857 2951 884 2998 in
899 2949 974 2998 variis
987 2947 1023 3008 [i,
1038 2953 1060 2996 7.
1077 2963 1102 3011 p.
1117 2945 1176 3008 174]
1194 2949 1229 2996 im-

111 3040 249 3096 opportune
268 3032 320 3082 Sed
331 3033 397 3081 illud
409 3031 568 3081 defendimus
580 3033 613 3080 ad
625 3032 747 3082 Senecam
760 3032 871 3080 debrev.
883 3031 950 3080 ritae
962 3045 1017 3094 cap.
1032 3037 1072 3080 17.

144 3112 273 3177 [571168]
287 3113 416 3164 Pretium
405 3130 430 3161 m
442 3112 518 3161 libros
529 3111 664 3174 XXXH]
677 3113 753 3163 Voss.
763 3113 864 3176 pretium
876 3113 901 3161 in
909 3121 966 3176 post
977 3112 1051 3162 libros
1062 3111 1129 3223 XII.
1146 3113 1229 3176 Lege:

111 3198 240 3248 Pretium'
229 3215 255 3246 m
263 3197 343 3262 pondo
355 3197 431 3246 libros
442 3197 475 3247 Χ
483 3195 520 3258 II,
533 3197 583 3246 hoc
595 3206 641 3258 est,
654 3197 751 3246 donant
764 3200 823 3247 duo.
950 3205 958 3213 “

144 3280 209 3344 [Ib.]
231 3280 373 3330 Proximum
392 3296 561 3329 marmorosum
577 3281 621 3329 sub
637 3278 735 3329 dirnrdio
750 3279 828 3330 Attici
844 3277 932 3343 pretio]
956 3281 1031 3331 Voss.
1049 3295 1168 3330 marmore
1188 3283 1230 3332 rub
1244 3286 1292 3331 823

111 3365 216 3414 dimidio.
234 3367 316 3427 Lege:
328 3364 467 3413 Proximum
479 3380 647 3414 marmorosum
664 3363 763 3413 dimidio
773 3363 853 3413 Attici
864 3365 947 3427 pretim
967 3365 1033 3415 Gud.
1047 3372 1073 3415 et
1084 3366 1154 3416 Men.
1167 3381 1230 3416 mor·

111 3465 177 3498 moro
196 3447 377 3497 subdimidianti
394 3447 479 3512 pretio.
505 3449 586 3499 Acad.
607 3464 739 3498 murmures
759 3445 941 3498 subdimidionti
956 3450 1042 3513 pretio.
1069 3449 1112 3501 Sic
1129 3459 1154 3501 et
1170 3451 1230 3501 Piu-

112 3535 201 3583 danus.

144 3614 198 3678 [⁵⁶2
213 3614 273 3678 159]
291 3616 401 3665 Pretium
417 3616 443 3664 im
460 3614 535 3666 libros
551 3615 619 3665 iuius
634 3616 738 3666 sestertii
754 3617 809 3666 bimi.
826 3614 959 3681 Dipeudit's
975 3632 1030 3666 vero
1046 3614 1171 3678 moseos]
1193 3611 1229 3664 lb

111 3698 177 3747 iuius
193 3715 246 3749 non
263 3709 300 3750 est
316 3701 344 3749 in
355 3701 490 3750 Vossieno.
509 3701 645 3751 Caeterum
662 3703 730 3763 qnod
745 3701 860 3751 lucidum
871 3709 972 3761 vocant,
987 3701 1042 3749 eius
1053 3700 1164 3762 pretium
1176 3713 1231 3748 esse

110 3785 164 3833 vult
180 3785 208 3832 in
225 3785 302 3834 libros
320 3785 462 3834 sestertium
479 3800 557 3834 unum
575 3794 601 3835 et
620 3786 790 3835 dimidiatum:
810 3793 910 3835 tantum
927 3784 995 3832 enim
1010 3788 1089 3831 restat
1108 3783 1230 3846 dipondio

106 3858 176 3917 binis
187 3870 308 3918 sestertiis
320 3871 441 3918 demoto.
457 3868 594 3932 Perperam
603 3868 794 3932 Dalecsmpius,
806 3869 860 3919 iere
871 3866 986 3918 sestortio
997 3880 1057 3926 uno,
1069 3880 1129 3916 nam
1140 3874 1231 3917 sester-

109 3951 168 4012 tius,
184 3951 276 4014 inquit,
293 3952 363 4002 velet
378 3965 449 4001 usses
464 3952 529 4000 duos
545 3951 597 4002 sive
614 3953 702 4015 pondo
718 3959 744 4001 st
760 3953 899 4002 semissem.
921 3948 1060 3999 Immemor
1076 3950 1163 4011 munli,
1179 3964 1230 4013 quo

109 4035 210 4084 virebat
221 4036 328 4086 Plinius.
354 4035 489 4085 Sestertius
504 4048 563 4084 cum
577 4036 688 4099 primum
700 4039 840 4096 cuderetur,
857 4042 958 4084 tantum
974 4033 1061 4096 valuit,
1077 4035 1152 4085 Plinii
1166 4047 1229 4084 sevo

110 4125 220 4181 quotuor
231 4121 329 4170 assibus
340 4118 535 4169 semunciulibns
548 4120 701 4170 mutabatur.

1008 4199 1026 4233 s
