2760 4734
132 299 226 341 xxxn
567 293 811 337 PROLEGOMENA.

173 443 270 526 Quod
293 442 333 507 ad
355 442 462 506 literas
485 441 643 524 aspiratae
658 440 782 517 attinet,
806 461 845 504 ea
858 438 909 503 lex
923 439 1102 504 observata
1117 440 1258 517 videtur,

128 565 164 618 ut
198 552 301 619 tenuis
329 551 437 628 litera,
470 573 551 635 quae
579 573 690 615 vocem
717 548 845 632 incipit,
878 548 1043 613 interdum
1075 551 1256 635 aspiratur:

128 664 278 750 splonyis
304 683 363 745 pro
391 662 518 745 sponqis
546 682 579 745 p.
610 662 689 738 173,
713 661 772 737 20;
802 657 896 723 unica
922 657 1010 723 vocis
1037 659 1193 745 aspirata
1218 661 1255 723 ad

127 773 223 838 finem
244 771 391 856 ponitur:
420 772 608 835 sericatltnm
629 792 687 857 pro
709 770 899 834 scriclatnm
920 789 953 852 p.
976 769 1028 846 82,
1045 771 1086 845 8;
1115 769 1253 834 duarum

126 882 338 967 aspiratarum
361 879 395 945 in
416 902 480 944 una
500 901 578 944 voce
598 878 758 964 posterior
777 878 812 942 in
833 888 959 943 tenuem
979 887 1144 944 mutatur:
1170 881 1252 946 llice·

123 1003 253 1079 proetus
275 1013 307 1077 p.
331 990 403 1068 158,
427 991 477 1066 16,
500 991 677 1075 amphiloco
699 1011 731 1073 p.
755 989 827 1066 118,
851 988 881 1051 6.
916 987 987 1064 170,
1011 988 1062 1050 19.

170 1102 182 1164 l
200 1100 284 1166 inter
300 1100 380 1164 duas
399 1099 523 1164 vocales
537 1099 587 1164 bis
608 1098 747 1185 ponitur,
764 1097 846 1162 conf.
861 1097 989 1161 Lctein.
1001 1096 1133 1162 Messes
1148 1120 1184 1182 p.
1198 1100 1247 1176 46,

127 1209 218 1275 cuius
241 1209 465 1294 duplicationis
488 1230 584 1273 causa
604 1209 637 1273 in
660 1215 794 1272 accentu
815 1205 921 1292 posita
943 1226 1014 1269 esse
1028 1205 1175 1284 videtur,
1196 1209 1247 1292 qui

130 1318 300 1405 praecedit.
334 1317 457 1383 Eadem
486 1318 570 1383 enim
597 1317 719 1382 ratione
746 1317 850 1381 italice
873 1318 989 1381 omollo
1012 1315 1171 1380 scribitur
1192 1340 1246 1402 pro

128 1429 198 1493 amd
222 1430 261 1493 lo.
286 1427 426 1493 Pliniani
448 1425 568 1492 codicis
590 1426 736 1510 exempla
758 1436 847 1489 sunt:
877 1427 1041 1490 ballaenae
1062 1448 1095 1510 p.
1119 1428 1174 1506 60,
1198 1430 1245 1504 22,

127 1539 307 1603 crocodillis
329 1561 361 1622 p.
386 1539 436 1615 58,
460 1541 511 1614 14,
534 1539 736 1602 camellorum
758 1557 791 1620 p.
814 1537 864 1611 94,
889 1535 938 1598 15.

174 1672 206 1711 m
234 1657 307 1712 ante
338 1649 369 1724 l,
396 1671 423 1733 p
451 1646 605 1710 omittitur
633 1646 713 1730 (vid.
735 1667 818 1729 quae
842 1667 875 1730 p.
905 1666 990 1707 xxm
1017 1644 1057 1708 de
1084 1646 1244 1732 scriptura

125 1757 234 1822 literae
256 1781 286 1820 m
311 1769 342 1821 et
364 1781 385 1820 1
407 1756 492 1821 dicta
518 1756 619 1839 sunt),
646 1755 771 1839 quade
795 1776 892 1818 causa
915 1754 1041 1839 trinplro
1063 1777 1097 1839 p.
1118 1757 1194 1834 207,
1214 1759 1241 1832 6,

126 1868 264 1932 labentia
285 1887 316 1950 p.
332 1867 384 1942 48,
406 1869 437 1942 4,
461 1846 716 1931 circumlabendo
737 1886 769 1948 p.
785 1865 838 1940 39,
855 1863 896 1926 15
918 1873 1089 1927 occurrunt
1096 1887 1105 1940 ;
1130 1865 1242 1943 vocali,

126 1997 207 2062 quac
222 1997 331 2040 vocem
341 1974 422 2053 finit,
442 1974 571 2038 additur
581 1999 623 2049 m,
636 1973 662 2036 si
675 1993 810 2055 sequens
822 1973 1012 2037 vocabulum
1023 1972 1138 2038 cadem
1152 1973 1243 2040 litera

124 2085 250 2171 incipit,
278 2086 342 2150 vid.
370 2107 401 2170 p.
428 2086 504 2161 104,
528 2086 557 2149 5.
591 2083 721 2160 140,1.
755 2081 913 2158 243,17;
947 2104 1006 2166 pro
1028 2083 1046 2145 5
1069 2092 1101 2146 et
1120 2086 1149 2170 f
1172 2095 1241 2148 eto

124 2194 270 2280 ponitur,
299 2216 325 2258 1.
348 2217 380 2280 g.
404 2197 518 2259 cimam
546 2192 684 2278 (cibum)
707 2213 739 2275 p.
755 2193 811 2266 25,
833 2192 869 2268 3,
897 2192 1020 2256 merula
1047 2191 1183 2278 (ferula)
1210 2217 1239 2278 p.

127 2304 195 2378 168,
220 2305 248 2379 6,
272 2306 434 2367 aestimem
456 2301 641 2386 (aestivam)
664 2323 695 2384 p.
719 2301 769 2376 15,
792 2302 843 2364 22.

165 2437 186 2477 1
209 2411 365 2476 omittitur
387 2421 460 2474 onte
481 2435 515 2488 r,
539 2435 570 2486 s,
594 2422 606 2472 1
626 2409 727 2493 (conf.
754 2432 835 2494 quae
863 2411 903 2474 dc
924 2409 1029 2474 verbis
1056 2413 1241 2497 compositis

125 2543 261 2608 p.xx1x
285 2519 519 2603 disseruimus),
547 2529 583 2583 ut
609 2517 798 2583 afferamus:
831 2543 872 2583 no
899 2523 1057 2605 reperitur
1077 2543 1109 2605 p.
1133 2522 1187 2599 35,
1211 2524 1240 2598 2,

122 2652 220 2695 meses
242 2652 274 2715 p.
299 2630 348 2703 13,
373 2628 422 2692 10.
451 2629 502 2704 17,
526 2629 556 2692 8.
584 2630 636 2706 41,
659 2629 688 2691 4.
716 2630 769 2704 46,
792 2629 842 2692 19.
871 2629 922 2707 59,
947 2629 997 2692 13.
1027 2630 1098 2708 156,
1122 2631 1154 2709 8,
1175 2654 1241 2696 me·

123 2762 231 2803 suram
253 2761 285 2824 p.
308 2738 359 2812 34,
386 2738 434 2802 18.
468 2739 519 2814 61,
543 2738 572 2801 6.
606 2738 657 2813 62,
681 2739 709 2801 6.
745 2738 891 2815 23313,
919 2740 1055 2802 11111111
1076 2761 1108 2823 p.
1133 2740 1186 2818 34,
1210 2742 1240 2819 3,

123 2850 263 2913 1111111111
290 2868 322 2931 p.
347 2847 397 2922 62,
423 2849 472 2924 17,
506 2870 573 2910 mos
601 2848 723 2930 (mons)
751 2869 783 2930 p.
808 2847 880 2924 156,
904 2848 933 2923 6,
958 2849 1035 2932 fros
1055 2869 1088 2931 p.
1112 2850 1166 2927 75,
1189 2853 1241 2927 24,

124 2956 336 3041 amputatilns
358 2978 388 3040 p.
414 2958 463 3031 71,
487 2956 516 3032 7,
538 2958 697 3020 inclinatis
720 2955 818 3040 (part.
841 2955 961 3040 praes.)
984 2978 1016 3039 p.
1039 2957 1112 3033 213,
1138 2960 1242 3036 1,11-

125 3067 168 3128 sis
183 3085 215 3147 p.
232 3065 304 3139 211,
320 3066 361 3128 20
369 3088 377 3140 ;
401 3064 551 3129 inseritur
565 3076 668 3129 autem
684 3076 757 3129 ante
779 3067 807 3142 5,
831 3089 857 3142 c,
880 3068 911 3141 d,
929 3089 965 3150 p,
988 3089 1040 3150 qn,
1062 3089 1088 3141 1,
1110 3079 1133 3143 1,
1156 3070 1242 3134 conf.

124 3172 250 3235 Latein.
267 3171 392 3237 Mearm
409 3195 440 3258 p.
455 3176 507 3250 47,
531 3175 818 3261 lterrnopltronditis
832 3196 864 3259 p.
880 3175 910 3250 8,
927 3177 978 3252 17,
1001 3178 1192 3260 amynclano
1208 3202 1242 3264 p.

126 3280 197 3355 200,
223 3280 272 3353 10,
298 3293 466 3366 concinnis
488 3282 674 3368 (coquente)
696 3305 728 3368 p.
751 3285 827 3360 200,
851 3286 887 3360 2,
910 3285 1058 3369 elephans
1080 3309 1111 3370 p.
1134 3288 1189 3366 60,
1209 3291 1241 3367 3,

124 3401 285 3455 transtron
301 3413 331 3477 p.
351 3393 421 3466 106,
439 3390 489 3465 23,
504 3395 651 3456 mentitur
666 3392 828 3476 (metitur)
844 3415 875 3476 p.
894 3395 965 3470 192,
983 3395 1012 3469 7,
1028 3401 1196 3462 semenstri
1208 3421 1242 3484 p.

124 3498 174 3575 73,
190 3500 239 3574 10,
262 3502 458 3563 tricensimus
474 3523 504 3584 p.
527 3500 576 3576 13,
595 3502 624 3565 8.
647 3503 699 3576 37,
711 3503 742 3564 4.
755 3501 782 3564 6.
806 3502 858 3578 38,
873 3505 901 3565 1.
915 3504 965 3566 11.
990 3505 1041 3580 57,
1054 3504 1084 3581 3,
1100 3505 1243 3591 placin-

123 3609 230 3695 tiprim
252 3629 284 3692 p.
309 3606 359 3682 99,
384 3608 414 3683 5,
438 3619 606 3675 contestato
628 3630 659 3696 p.
677 3611 749 3687 191,
774 3611 830 3683 18;
853 3632 911 3694 pro
934 3636 965 3675 m
987 3611 1167 3678 adhibitum
1190 3616 1242 3681 in-

123 3715 249 3782 vonitur
271 3715 370 3796 (cons.
394 3737 474 3800 quae
497 3716 537 3782 de
559 3716 735 3800 antiquiore
757 3719 932 3784 accusativi
952 3720 1054 3787 forma
1075 3745 1107 3807 p.
1129 3746 1243 3793 xxvm

126 3823 297 3906 diximus);
320 3823 383 3890 huc
405 3824 571 3891 referenda
592 3837 641 3891 est
662 3826 754 3892 lectio
774 3833 959 3894 venundatis
980 3852 1012 3914 p.
1038 3833 1109 3908 195,
1133 3835 1187 3899 25.

161 3954 186 4019 p
209 3953 267 4017 pro
291 3932 308 3997 5
331 3932 460 4018 ponitur
480 3934 667 4019 praesertim
693 3945 769 4000 ante
791 3961 817 4015 1,
846 3951 972 4023 opstare
997 3958 1030 4025 p.
1053 3943 1109 4019 58,
1133 3945 1169 4019 93
1201 3946 1243 4011 de

125 4038 243 4125 ‹tnpttci
262 4064 288 4127 p
311 4039 392 4106 inter
407 4041 486 4107 duas
500 4042 638 4118 vocales,
661 4044 716 4110 ubi
731 4045 828 4133 vulgo
841 4048 971 4113 unicum
992 4049 1152 4128 scribitur,
1171 4055 1241 4121 vid
