2760 4734
563 298 807 344 Pnomeomrrm.
1216 305 1251 344 IX

131 446 233 512 biblia
260 469 364 524 sacra,
393 446 513 533 quippe
536 447 591 532 qui
618 448 913 534 interpretationem
942 447 1119 533 scripturae
1142 471 1251 518 sacrae

130 557 270 622 maxime
292 557 451 622 iuvarent.

151 675 155 682 '
175 662 268 747 Quae
290 689 362 732 oum
383 666 428 731 ita
451 667 524 745 sint,
555 667 649 733 facile
677 667 871 733 concedetur
891 667 1072 754 fragmenta
1092 668 1250 745 Pliniana,

131 797 216 859 quae
238 778 465 843 commentario
479 776 673 862 Hieronymi
688 776 800 842 cedere
823 776 1012 856 debuerunt,
1035 777 1165 884 Verona
1178 779 1251 844 Au-

129 886 221 970 giam
241 887 395 952 translata
416 909 496 952 esse.

651 1163 666 1245 t
700 1162 730 1225 2.

283 1295 289 1304 Χ
402 1302 450 1352 DE
467 1300 731 1353 RESTITUTIONE
749 1299 979 1352 SCRIPTURAE.

174 1431 319 1495 Primum
346 1442 494 1497 conatum
523 1432 650 1519 legendi
681 1431 880 1518 palimpsesti
909 1430 1084 1497 monachus
1119 1430 1250 1515 quidam

132 1539 246 1606 Sancti
268 1540 371 1606 Blasii
392 1540 520 1607 XVIII
542 1542 667 1608 saeculo
689 1542 776 1609 fecit.
811 1538 878 1623 Qui
907 1564 980 1608 cum
1002 1540 1187 1606 adiumenta
1207 1538 1249 1604 ab

129 1660 200 1714 arte
222 1650 364 1717 chemica
384 1673 449 1716 non
470 1650 615 1729 haberet,
637 1651 707 1716 illos
723 1662 847 1716 tantum
860 1651 948 1716 locos
969 1650 1147 1737 indagavit,
1168 1672 1248 1734 quo·

129 1784 203 1825 rum
228 1760 363 1849 vestigia
385 1761 563 1848 scripturae
583 1760 667 1827 flavo
682 1761 785 1837 colore
799 1761 834 1826 in
847 1758 1032 1826 membrana
1049 1768 1248 1844 supererant.

128 1870 316 1957 Exscripsit
349 1871 427 1937 haec
459 1871 527 1936 sola
552 1870 639 1936 Plini
666 1870 766 1936 verba
792 1892 825 1955 p.
855 1873 896 1935 57
924 1893 957 1934 n.
987 1869 1037 1935 ed.
1069 1867 1192 1956 [offilo
1222 1880 1251 1933 et

130 1979 277 2045 omnibus
299 1983 392 2045 annia
413 1982 535 2046 velasio
558 1983 722 2045 saturnino
746 1990 806 2045 cet.
834 1979 968 2045 Praeter
987 1979 1049 2045 hoc
1070 1978 1250 2064 perleulum

128 2088 277 2154 monachi
301 2087 413 2155 Sancti
435 2088 538 2154 Blasii
565 2112 670 2173 neque
697 2089 790 2154 nobis
820 2111 897 2153 cura
922 2088 983 2153 viri
1005 2087 1141 2153 alicuius
1162 2087 1250 2153 docti

128 2197 278 2277 innotuit,
305 2199 362 2284 qui
387 2199 530 2264 codicem
557 2198 643 2263 hunc
669 2200 860 2278 tractaverit,
890 2219 995 2282 neque
1023 2198 1152 2283 uspiam
1173 2196 1250 2261 alibi

127 2308 324 2373 mentionem
343 2307 439 2373 buius
460 2308 660 2395 palimpsesti
681 2309 798 2374 iactam
820 2308 1041 2394 cognovimus.

184 2417 299 2483 Veteri
331 2417 509 2503 scripturae
540 2420 586 2483 ita
611 2419 829 2498 renovandae,
862 2430 899 2483 ut
923 2420 990 2508 legi
1017 2429 1141 2505 posset,
1180 2440 1249 2482 am-

127 2527 273 2591 monium
298 2526 627 2612 hydrosulpburatum
655 2528 859 2594 adhibuimus
887 2528 1057 2613 (formulae
1090 2526 1250 2594 chemicae

127 2636 161 2707 N
170 2635 251 2700 2Η8
265 2634 304 2701 S·
328 2659 413 2721 aqua
432 2637 483 2725 x),
505 2659 569 2722 quo
591 2639 795 2703 membranae
816 2661 880 2704 non
900 2638 1082 2704 laeduntur.
1119 2639 1165 2703 At
1186 2660 1251 2703 non

127 2747 164 2811 in
191 2745 341 2811 omnibus
367 2747 447 2812 locis
476 2748 553 2812 satis
579 2747 692 2813 efficax
717 2746 778 2813 hoo
805 2748 1025 2813 adiumentum
1047 2748 1172 2832 experti
1194 2770 1249 2812 su-

128 2879 216 2935 mus,
249 2877 348 2940 quare
377 2867 408 2921 et
436 2856 607 2922 tincturam
636 2854 861 2923 Giobertinam
887 2857 1057 2943 (formulae
1088 2857 1250 2923 chemicae

131 2965 211 3051 ny
234 2970 273 3046 l·
296 2968 315 3030 2
337 2966 372 3030 Κ
394 2966 445 3031 vel
469 2963 568 3051 CyK
592 2971 630 3046 l-
655 2963 683 3031 C
690 2989 713 3051 y
734 2967 802 3052 Fe)
831 2967 1018 3032 admisimus
1047 2967 1250 3033 coniunctam

129 3099 204 3142 cum
225 3076 280 3141 illo
302 3076 341 3142 de
364 3098 428 3161 quo
449 3087 523 3141 ante
544 3076 683 3142 diximus
706 3076 857 3155 remedio,
879 3099 943 3162 quo
964 3078 1151 3143 membrana
1172 3099 1250 3142 con·
1328 3109 1329 3112 ¹

130 3196 323 3253 servaretur.

172 3297 297 3361 Temos
327 3305 434 3362 autem
459 3296 598 3362 initiales
624 3318 736 3362 versus
757 3296 872 3363 indicis
900 3296 972 3363 libri
994 3296 1076 3361 XII.
1099 3320 1131 3384 p.
1156 3298 1195 3362 79
1218 3309 1251 3362 et

128 3407 203 3473 libri
216 3406 314 3472 XIV.
329 3430 361 3493 p.
380 3407 450 3485 183,
472 3405 547 3472 libri
561 3405 642 3472 XV.
661 3429 694 3492 p.
712 3408 773 3472 229
788 3400 820 3471 n.
835 3406 896 3485 ed,
919 3407 975 3493 qui
991 3407 1088 3472 rubro
1105 3430 1123 3473 e
1141 3409 1251 3494 planta

128 3516 269 3602 quadam
290 3527 482 3602 praeparato
504 3517 610 3582 colore
629 3517 752 3582 exarati
768 3527 852 3596 sunt,
874 3517 961 3582 nullo
977 3519 1159 3584 adiumento
1174 3518 1249 3583 che-

128 3628 212 3692 mioo
232 3637 413 3692 restaurare
435 3626 610 3713 potuimus.

173 3734 257 3802 Cum
285 3759 396 3802 versus
424 3737 547 3823 primae
575 3747 608 3802 et
638 3738 798 3804 secundae
826 3738 1003 3825 scripturae
1030 3740 1144 3806 eodem
1171 3740 1249 3805 diri-

128 3858 269 3933 gantur,
306 3846 391 3911 foliis
426 3845 583 3912 Plinianis
618 3848 734 3933 partim
769 3848 905 3914 inversIs
917 3898 927 3927 ,
963 3860 998 3914 ut
1035 3851 1090 3916 fol.
1128 3851 1189 3914 ‹39¹›
1217 3873 1248 3935 p.

130 3958 203 4023 139.
221 3957 282 4022 138
298 4015 330 4038 υ
346 3956 398 4020 fol.
416 3958 477 4020 74¹²
499 3980 531 4042 p.
549 3958 619 4021 149.
637 3958 697 4021 148
719 3959 787 4024 cod.
804 3958 947 4045 (signum
962 4018 994 4042 υ
1011 3959 1159 4025 foliorum
1180 3983 1249 4026 me-

129 4069 255 4133 diorum
278 4066 499 4152 compaginem
521 4066 667 4152 indicat),
687 4068 795 4134 'altera
817 4070 948 4135 alteram
970 4069 1088 4134 lineam
1110 4078 1248 4157 tegente,
