<?xml version="1.0" encoding="UTF-8"?>
<!DOCTYPE html PUBLIC "-//W3C//DTD XHTML 1.0 Transitional//EN"
    "http://www.w3.org/TR/xhtml1/DTD/xhtml1-transitional.dtd">
<html xmlns="http://www.w3.org/1999/xhtml" xml:lang="en" lang="en">
 <head>
  <title>
</title>
<meta http-equiv="Content-Type" content="text/html;charset=utf-8" />
  <meta name='ocr-system' content='tesseract 3.04.00' />
  <meta name='ocr-capabilities' content='ocr_page ocr_carea ocr_par ocr_line ocrx_word'/>
</head>
<body>
  <div class='ocr_page' id='page_1' title='image "./cplinisecundina01grongoog_0382.png"; bbox 0 0 2760 4734; ppageno 0'>
   <div class='ocr_carea' id='block_1_1' title="bbox 498 279 1244 342">
    <p class='ocr_par' dir='ltr' id='par_1_1' title="bbox 498 279 1244 342">
     <span class='ocr_line' id='line_1_1' title="bbox 498 279 1244 342; baseline -0.001 -1"><span class='ocrx_word' id='word_1_1' title='bbox 498 300 603 342; x_wconf 71' lang='lat' dir='ltr'><em>norun</em></span> <span class='ocrx_word' id='word_1_2' title='bbox 619 300 662 341; x_wconf 74' lang='lat' dir='ltr'><em>nn</em></span> <span class='ocrx_word' id='word_1_3' title='bbox 677 300 759 341; x_wconf 78' lang='lat' dir='ltr'><em>nme.</em></span> <span class='ocrx_word' id='word_1_4' title='bbox 775 299 868 340; x_wconf 75' lang='lat' dir='ltr'><em>xxix.</em></span> <span class='ocrx_word' id='word_1_5' title='bbox 1204 279 1244 342; x_wconf 82' lang='lat'><em>59</em></span> 
     </span>
    </p>
   </div>
   <div class='ocr_carea' id='block_1_2' title="bbox 124 448 1342 4273">
    <p class='ocr_par' dir='ltr' id='par_1_2' title="bbox 124 448 1245 595">
     <span class='ocr_line' id='line_1_2' title="bbox 124 448 1245 512; baseline -0.004 -11"><span class='ocrx_word' id='word_1_6' title='bbox 124 454 210 501; x_wconf 85' lang='lat' dir='ltr'>hendo</span> <span class='ocrx_word' id='word_1_7' title='bbox 221 452 414 508; x_wconf 84' lang='lat' dir='ltr'><em>medicamento,</em></span> <span class='ocrx_word' id='word_1_8' title='bbox 432 464 483 512; x_wconf 89' lang='lat' dir='ltr'><em>qno</em></span> <span class='ocrx_word' id='word_1_9' title='bbox 500 464 575 512; x_wconf 81' lang='lat' dir='ltr'><strong>saepe</strong></span> <span class='ocrx_word' id='word_1_10' title='bbox 586 449 720 511; x_wconf 79' lang='lat' dir='ltr'><em>contingit,</em></span> <span class='ocrx_word' id='word_1_11' title='bbox 737 464 789 497; x_wconf 93' lang='lat' dir='ltr'><em>non</em></span> <span class='ocrx_word' id='word_1_12' title='bbox 801 456 830 497; x_wconf 90' lang='lat' dir='ltr'><em>ut</em></span> <span class='ocrx_word' id='word_1_13' title='bbox 840 449 861 498; x_wconf 87' lang='lat' dir='ltr'><em>ie</em></span> <span class='ocrx_word' id='word_1_14' title='bbox 873 448 974 496; x_wconf 84' lang='lat' dir='ltr'><em>interim</em></span> <span class='ocrx_word' id='word_1_15' title='bbox 986 448 1122 505; x_wconf 82' lang='lat' dir='ltr'><em>civitatem,</em></span> <span class='ocrx_word' id='word_1_16' title='bbox 1142 452 1184 497; x_wconf 88' lang='lat' dir='ltr'><em>sed</em></span> <span class='ocrx_word' id='word_1_17' title='bbox 1197 458 1245 497; x_wconf 85' lang='lat' dir='ltr'><em>ets·</em></span> 
     </span>
     <span class='ocr_line' id='line_1_3' title="bbox 126 529 770 595; baseline -0.005 -12"><span class='ocrx_word' id='word_1_18' title='bbox 126 536 171 583; x_wconf 89' lang='lat' dir='ltr'><em>tim</em></span> <span class='ocrx_word' id='word_1_19' title='bbox 186 537 263 584; x_wconf 82' lang='lat' dir='ltr'><em>vitem</em></span> <span class='ocrx_word' id='word_1_20' title='bbox 275 535 389 583; x_wconf 86' lang='lat' dir='ltr'><em>emittetl</em></span> <span class='ocrx_word' id='word_1_21' title='bbox 406 536 447 582; x_wconf 83' lang='lat' dir='ltr'><em>Ex</em></span> <span class='ocrx_word' id='word_1_22' title='bbox 460 531 562 582; x_wconf 86' lang='lat' dir='ltr'><em>Miscell.</em></span> <span class='ocrx_word' id='word_1_23' title='bbox 575 548 600 595; x_wconf 89' lang='lat' dir='ltr'><em>p.</em></span> <span class='ocrx_word' id='word_1_24' title='bbox 614 529 770 593; x_wconf 78' lang='lat'><strong>850-852.]</strong></span> 
     </span>
    </p>

    <p class='ocr_par' dir='ltr' id='par_1_3' title="bbox 125 604 1315 1014">
     <span class='ocr_line' id='line_1_4' title="bbox 161 604 1246 678; baseline -0.002 -11"><span class='ocrx_word' id='word_1_25' title='bbox 161 619 225 668; x_wconf 76' lang='lat' dir='ltr'><em>Gne.</em></span> <span class='ocrx_word' id='word_1_26' title='bbox 233 619 280 667; x_wconf 84' lang='lat' dir='ltr'><em>IV.</em></span> <span class='ocrx_word' id='word_1_27' title='bbox 289 615 341 678; x_wconf 82' lang='lat'>[20‚</span> <span class='ocrx_word' id='word_1_28' title='bbox 349 614 392 677; x_wconf 84' lang='lat'><em>68]</em></span> <span class='ocrx_word' id='word_1_29' title='bbox 407 615 522 673; x_wconf 79' lang='lat' dir='ltr'><em>Quoniam</em></span> <span class='ocrx_word' id='word_1_30' title='bbox 533 614 591 664; x_wconf 89' lang='lat' dir='ltr'><em>hoec</em></span> <span class='ocrx_word' id='word_1_31' title='bbox 601 617 730 664; x_wconf 84' lang='lat' dir='ltr'><strong><em>morborum</em></strong></span> <span class='ocrx_word' id='word_1_32' title='bbox 740 614 853 678; x_wconf 75' lang='lat' dir='ltr'><em>ueneficm</em></span> <span class='ocrx_word' id='word_1_33' title='bbox 861 604 927 677; x_wconf 80' lang='lat' dir='ltr'><em>sunt]</em></span> <span class='ocrx_word' id='word_1_34' title='bbox 941 615 1022 675; x_wconf 82' lang='lat' dir='ltr'><em>Quem</em></span> <span class='ocrx_word' id='word_1_35' title='bbox 1032 630 1132 664; x_wconf 89' lang='lat' dir='ltr'><em>sensnm</em></span> <span class='ocrx_word' id='word_1_36' title='bbox 1144 615 1246 674; x_wconf 81' lang='lat' dir='ltr'><em>hebeat,</em></span> 
     </span>
     <span class='ocr_line' id='line_1_5' title="bbox 125 697 1315 770; baseline -0.003 -18"><span class='ocrx_word' id='word_1_37' title='bbox 125 719 179 752; x_wconf 87' lang='lat' dir='ltr'><em>non</em></span> <span class='ocrx_word' id='word_1_38' title='bbox 189 704 271 751; x_wconf 84' lang='lat' dir='ltr'><em>video:</em></span> <span class='ocrx_word' id='word_1_39' title='bbox 284 702 331 750; x_wconf 90' lang='lat' dir='ltr'><em>etsi</em></span> <span class='ocrx_word' id='word_1_40' title='bbox 340 699 452 760; x_wconf 72' lang='lat' dir='ltr'><em>venepicia</em></span> <span class='ocrx_word' id='word_1_41' title='bbox 461 715 506 762; x_wconf 88' lang='lat' dir='ltr'><em>pro</em></span> <span class='ocrx_word' id='word_1_42' title='bbox 517 715 555 758; x_wconf 87' lang='lat' dir='ltr'><em>eo,</em></span> <span class='ocrx_word' id='word_1_43' title='bbox 565 701 635 761; x_wconf 87' lang='lat' dir='ltr'><em>quod</em></span> <span class='ocrx_word' id='word_1_44' title='bbox 645 707 698 748; x_wconf 86' lang='lat' dir='ltr'><em>eret</em></span> <span class='ocrx_word' id='word_1_45' title='bbox 706 697 827 759; x_wconf 74' lang='lat' dir='ltr'><em>benefida,</em></span> <span class='ocrx_word' id='word_1_46' title='bbox 837 699 974 748; x_wconf 87' lang='lat' dir='ltr'><em>restitnerit</em></span> <span class='ocrx_word' id='word_1_47' title='bbox 981 699 1141 748; x_wconf 80' lang='lat' dir='ltr'><em>Hermolaus.</em></span> <span class='ocrx_word' id='word_1_48' title='bbox 1161 698 1247 749; x_wconf 85' lang='lat' dir='ltr'><em>Scn&#39;be</em></span> <span class='ocrx_word' id='word_1_49' title='bbox 1312 764 1315 770; x_wconf 30' lang='grc' dir='ltr'>Ι</span> 
     </span>
     <span class='ocr_line' id='line_1_6' title="bbox 127 780 1247 847; baseline -0.003 -12"><span class='ocrx_word' id='word_1_50' title='bbox 127 801 185 835; x_wconf 87' lang='lat' dir='ltr'><em>cnm</em></span> <span class='ocrx_word' id='word_1_51' title='bbox 195 786 270 834; x_wconf 90' lang='lat' dir='ltr'><em>Voss.</em></span> <span class='ocrx_word' id='word_1_52' title='bbox 281 800 341 847; x_wconf 85' lang='lat' dir='ltr'><em>quoe</em></span> <span class='ocrx_word' id='word_1_53' title='bbox 352 783 486 846; x_wconf 84' lang='lat' dir='ltr'><em>coarpuisse</em></span> <span class='ocrx_word' id='word_1_54' title='bbox 498 799 543 831; x_wconf 90' lang='lat' dir='ltr'><em>non</em></span> <span class='ocrx_word' id='word_1_55' title='bbox 554 784 631 831; x_wconf 85' lang='lat' dir='ltr'><em>minus</em></span> <span class='ocrx_word' id='word_1_56' title='bbox 642 780 766 845; x_wconf 86' lang='lat' dir='ltr'><em>reseret(i.</em></span> <span class='ocrx_word' id='word_1_57' title='bbox 776 797 806 841; x_wconf 91' lang='lat' dir='ltr'><em>s.‚</em></span> <span class='ocrx_word' id='word_1_58' title='bbox 816 793 844 831; x_wconf 86' lang='lat' dir='ltr'><em>ut</em></span> <span class='ocrx_word' id='word_1_59' title='bbox 854 798 930 845; x_wconf 78' lang='lat' dir='ltr'><em>snpra</em></span> <span class='ocrx_word' id='word_1_60' title='bbox 940 780 1055 844; x_wconf 75' lang='lat'><strong>[28‚2,8‚</strong></span> <span class='ocrx_word' id='word_1_61' title='bbox 1064 780 1115 843; x_wconf 90' lang='grc'>10],</span> <span class='ocrx_word' id='word_1_62' title='bbox 1129 785 1247 845; x_wconf 73' lang='lat' dir='ltr'><em>proderit,</em></span> 
     </span>
     <span class='ocr_line' id='line_1_7' title="bbox 125 864 1248 930; baseline -0.004 -12"><span class='ocrx_word' id='word_1_63' title='bbox 125 871 189 918; x_wconf 90' lang='lat' dir='ltr'><em>utile</em></span> <span class='ocrx_word' id='word_1_64' title='bbox 206 871 259 918; x_wconf 83' lang='lat' dir='ltr'><em>erit.</em></span> <span class='ocrx_word' id='word_1_65' title='bbox 277 868 365 929; x_wconf 85' lang='lat' dir='ltr'>Vulgo</span> <span class='ocrx_word' id='word_1_66' title='bbox 382 867 463 930; x_wconf 80' lang='lat' dir='ltr'><em>refert.</em></span> <span class='ocrx_word' id='word_1_67' title='bbox 482 869 525 916; x_wconf 90' lang='lat' dir='ltr'><em>sed</em></span> <span class='ocrx_word' id='word_1_68' title='bbox 537 867 613 916; x_wconf 85' lang='lat' dir='ltr'><em>Voss.</em></span> <span class='ocrx_word' id='word_1_69' title='bbox 626 864 738 928; x_wconf 82' lang='lat' dir='ltr'><em>referret)</em></span> <span class='ocrx_word' id='word_1_70' title='bbox 756 882 827 927; x_wconf 83' lang='lat' dir='ltr'><em>quam</em></span> <span class='ocrx_word' id='word_1_71' title='bbox 844 864 968 914; x_wconf 70' lang='lat' dir='ltr'><em>conuario</em></span> <span class='ocrx_word' id='word_1_72' title='bbox 982 864 1127 929; x_wconf 76' lang='lat' dir='ltr'><em>serpentibus</em></span> <span class='ocrx_word' id='word_1_73' title='bbox 1142 865 1248 914; x_wconf 88' lang='lat' dir='ltr'><em>remedia</em></span> 
     </span>
     <span class='ocr_line' id='line_1_8' title="bbox 126 949 1230 1014; baseline -0.001 -14"><span class='ocrx_word' id='word_1_74' title='bbox 126 950 304 1012; x_wconf 78' lang='lat' dir='ltr'><em>demonstrasse,</em></span> <span class='ocrx_word' id='word_1_75' title='bbox 317 950 427 1014; x_wconf 83' lang='lat' dir='ltr'><em>quoniam</em></span> <span class='ocrx_word' id='word_1_76' title='bbox 439 958 461 998; x_wconf 90' lang='lat' dir='ltr'><em>et</em></span> <span class='ocrx_word' id='word_1_77' title='bbox 472 949 530 998; x_wconf 88' lang='lat' dir='ltr'><em>haec</em></span> <span class='ocrx_word' id='word_1_78' title='bbox 541 966 630 998; x_wconf 89' lang='lat' dir='ltr'><em>morum</em></span> <span class='ocrx_word' id='word_1_79' title='bbox 643 949 756 1013; x_wconf 71' lang='lat' dir='ltr'><em>auspicia</em></span> <span class='ocrx_word' id='word_1_80' title='bbox 767 957 827 998; x_wconf 90' lang='lat' dir='ltr'><em>sunt.</em></span> <span class='ocrx_word' id='word_1_81' title='bbox 847 950 963 1011; x_wconf 84' lang='lat' dir='ltr'><em>Qnetuor</em></span> <span class='ocrx_word' id='word_1_82' title='bbox 975 949 1018 997; x_wconf 90' lang='lat' dir='ltr'><em>elii</em></span> <span class='ocrx_word' id='word_1_83' title='bbox 1030 951 1120 999; x_wconf 81' lang='lat' dir='ltr'><em>saltem</em></span> <span class='ocrx_word' id='word_1_84' title='bbox 1131 957 1230 1012; x_wconf 83' lang='lat' dir='ltr'><em>reperet.</em></span> 
     </span>
    </p>

    <p class='ocr_par' dir='ltr' id='par_1_4' title="bbox 126 1031 1249 1344">
     <span class='ocr_line' id='line_1_9' title="bbox 163 1031 1249 1096; baseline -0.003 -12"><span class='ocrx_word' id='word_1_85' title='bbox 163 1033 249 1096; x_wconf 91' lang='lat' dir='ltr'><em>[Ibid.]</em></span> <span class='ocrx_word' id='word_1_86' title='bbox 268 1034 327 1083; x_wconf 83' lang='lat' dir='ltr'><em>Item</em></span> <span class='ocrx_word' id='word_1_87' title='bbox 343 1035 407 1082; x_wconf 85' lang='lat' dir='ltr'><em>cirus</em></span> <span class='ocrx_word' id='word_1_88' title='bbox 423 1031 610 1094; x_wconf 91' lang='lat' dir='ltr'><em>ichneumonum]</em></span> <span class='ocrx_word' id='word_1_89' title='bbox 633 1035 710 1083; x_wconf 86' lang='lat' dir='ltr'><em>Voss.</em></span> <span class='ocrx_word' id='word_1_90' title='bbox 729 1033 783 1080; x_wconf 88' lang='lat' dir='ltr'><em>item</em></span> <span class='ocrx_word' id='word_1_91' title='bbox 799 1032 823 1081; x_wconf 83' lang='lat' dir='ltr'><em>si</em></span> <span class='ocrx_word' id='word_1_92' title='bbox 838 1041 924 1080; x_wconf 89' lang='lat' dir='ltr'><em>uratur</em></span> <span class='ocrx_word' id='word_1_93' title='bbox 935 1048 1096 1081; x_wconf 88' lang='lat' dir='ltr'><em>ecneumonum</em></span> <span class='ocrx_word' id='word_1_94' title='bbox 1105 1033 1209 1096; x_wconf 83' lang='lat' dir='ltr'><em>sepiunt</em></span> <span class='ocrx_word' id='word_1_95' title='bbox 1226 1041 1249 1081; x_wconf 87' lang='lat' dir='ltr'><em>et</em></span> 
     </span>
     <span class='ocr_line' id='line_1_10' title="bbox 126 1114 1246 1180; baseline -0.003 -16"><span class='ocrx_word' id='word_1_96' title='bbox 126 1118 199 1165; x_wconf 74' lang='lat' dir='ltr'><em>urinis</em></span> <span class='ocrx_word' id='word_1_97' title='bbox 215 1119 277 1166; x_wconf 86' lang='lat' dir='ltr'><em>tritis</em></span> <span class='ocrx_word' id='word_1_98' title='bbox 293 1119 317 1166; x_wconf 93' lang='lat' dir='ltr'><em>in</em></span> <span class='ocrx_word' id='word_1_99' title='bbox 334 1126 398 1166; x_wconf 88' lang='lat' dir='ltr'><em>aceto</em></span> <span class='ocrx_word' id='word_1_100' title='bbox 411 1117 539 1180; x_wconf 86' lang='lat' dir='ltr'><em>perunctis.</em></span> <span class='ocrx_word' id='word_1_101' title='bbox 557 1119 648 1167; x_wconf 81' lang='lat' dir='ltr'><em>Forte:</em></span> <span class='ocrx_word' id='word_1_102' title='bbox 665 1117 804 1165; x_wconf 74' lang='lat' dir='ltr'><em>Draconem</em></span> <span class='ocrx_word' id='word_1_103' title='bbox 822 1114 917 1180; x_wconf 82' lang='lat' dir='ltr'><em>adipem</em></span> <span class='ocrx_word' id='word_1_104' title='bbox 929 1123 1045 1164; x_wconf 85' lang='lat' dir='ltr'><em>uenenato</em></span> <span class='ocrx_word' id='word_1_105' title='bbox 1054 1115 1169 1179; x_wconf 82' lang='lat' dir='ltr'><em>sapiunt:</em></span> <span class='ocrx_word' id='word_1_106' title='bbox 1184 1115 1246 1174; x_wconf 89' lang='lat' dir='ltr'><em>item,</em></span> 
     </span>
     <span class='ocr_line' id='line_1_11' title="bbox 126 1199 1247 1264; baseline -0.002 -18"><span class='ocrx_word' id='word_1_107' title='bbox 126 1200 150 1246; x_wconf 87' lang='lat' dir='ltr'><em>si</em></span> <span class='ocrx_word' id='word_1_108' title='bbox 160 1208 252 1261; x_wconf 86' lang='lat' dir='ltr'><em>uratur,</em></span> <span class='ocrx_word' id='word_1_109' title='bbox 268 1200 454 1251; x_wconf 74' lang='lat' dir='ltr'><em>ichneumonum:</em></span> <span class='ocrx_word' id='word_1_110' title='bbox 463 1200 565 1264; x_wconf 81' lang='lat' dir='ltr'><em>fupiunt</em></span> <span class='ocrx_word' id='word_1_111' title='bbox 576 1208 599 1249; x_wconf 88' lang='lat' dir='ltr'><em>et</em></span> <span class='ocrx_word' id='word_1_112' title='bbox 610 1199 692 1248; x_wconf 72' lang='lat' dir='ltr'><em>urticis</em></span> <span class='ocrx_word' id='word_1_113' title='bbox 705 1199 767 1248; x_wconf 82' lang='lat' dir='ltr'><em>tritis</em></span> <span class='ocrx_word' id='word_1_114' title='bbox 778 1200 802 1248; x_wconf 89' lang='lat' dir='ltr'><em>in</em></span> <span class='ocrx_word' id='word_1_115' title='bbox 819 1207 884 1247; x_wconf 88' lang='lat' dir='ltr'><em>aceto</em></span> <span class='ocrx_word' id='word_1_116' title='bbox 897 1207 1029 1263; x_wconf 83' lang='lat' dir='ltr'><em>perunctos.</em></span> <span class='ocrx_word' id='word_1_117' title='bbox 1047 1200 1141 1250; x_wconf 81' lang='lat' dir='ltr'><em>Samen</em></span> <span class='ocrx_word' id='word_1_118' title='bbox 1152 1200 1247 1248; x_wconf 85' lang='lat' dir='ltr'><em>urticee</em></span> 
     </span>
     <span class='ocr_line' id='line_1_12' title="bbox 128 1280 1011 1344; baseline 0.002 -15"><span class='ocrx_word' id='word_1_119' title='bbox 128 1285 283 1332; x_wconf 78' lang='lat' dir='ltr'><em>contrarium</em></span> <span class='ocrx_word' id='word_1_120' title='bbox 295 1285 392 1334; x_wconf 86' lang='lat' dir='ltr'><em>cicutas</em></span> <span class='ocrx_word' id='word_1_121' title='bbox 404 1298 459 1334; x_wconf 88' lang='lat' dir='ltr'><em>esse</em></span> <span class='ocrx_word' id='word_1_122' title='bbox 471 1299 505 1332; x_wconf 84' lang='lat' dir='ltr'><em>ex</em></span> <span class='ocrx_word' id='word_1_123' title='bbox 516 1283 644 1333; x_wconf 73' lang='lat' dir='ltr'><em>Nicandro</em></span> <span class='ocrx_word' id='word_1_124' title='bbox 657 1283 744 1333; x_wconf 87' lang='lat' dir='ltr'><em>scribit</em></span> <span class='ocrx_word' id='word_1_125' title='bbox 760 1284 777 1331; x_wconf 93' lang='grc'><em>1.</em></span> <span class='ocrx_word' id='word_1_126' title='bbox 791 1288 832 1344; x_wconf 76' lang='lat'><em>22,</em></span> <span class='ocrx_word' id='word_1_127' title='bbox 847 1289 877 1333; x_wconf 86' lang='grc'><em>13</em></span> <span class='ocrx_word' id='word_1_128' title='bbox 891 1280 944 1343; x_wconf 90' lang='grc'>[15,</span> <span class='ocrx_word' id='word_1_129' title='bbox 957 1281 1011 1343; x_wconf 85' lang='grc'>31].</span> 
     </span>
    </p>

    <p class='ocr_par' dir='ltr' id='par_1_5' title="bbox 127 1363 1341 2682">
     <span class='ocr_line' id='line_1_13' title="bbox 164 1363 1247 1427; baseline -0.002 -14"><span class='ocrx_word' id='word_1_130' title='bbox 164 1363 216 1424; x_wconf 76' lang='lat'>[2:3,</span> <span class='ocrx_word' id='word_1_131' title='bbox 231 1365 274 1427; x_wconf 85' lang='grc'><em>75]</em></span> <span class='ocrx_word' id='word_1_132' title='bbox 297 1367 385 1416; x_wconf 89' lang='lat' dir='ltr'><em>Tamen</em></span> <span class='ocrx_word' id='word_1_133' title='bbox 402 1366 457 1415; x_wconf 85' lang='lat' dir='ltr'><em>talis</em></span> <span class='ocrx_word' id='word_1_134' title='bbox 474 1383 503 1416; x_wconf 88' lang='lat' dir='ltr'><em>ac</em></span> <span class='ocrx_word' id='word_1_135' title='bbox 521 1374 589 1414; x_wconf 87' lang='lat' dir='ltr'><em>tanta</em></span> <span class='ocrx_word' id='word_1_136' title='bbox 605 1365 641 1415; x_wconf 88' lang='lat' dir='ltr'><em>uis</em></span> <span class='ocrx_word' id='word_1_137' title='bbox 653 1363 746 1427; x_wconf 74' lang='lat' dir='ltr'><em>mene]</em></span> <span class='ocrx_word' id='word_1_138' title='bbox 765 1368 841 1416; x_wconf 90' lang='lat' dir='ltr'><em>Voss.</em></span> <span class='ocrx_word' id='word_1_139' title='bbox 858 1366 947 1415; x_wconf 87' lang='lat' dir='ltr'><em>Tamen</em></span> <span class='ocrx_word' id='word_1_140' title='bbox 960 1365 1022 1426; x_wconf 82' lang='lat' dir='ltr'><em>talis,</em></span> <span class='ocrx_word' id='word_1_141' title='bbox 1040 1382 1070 1413; x_wconf 89' lang='lat' dir='ltr'><em>ac</em></span> <span class='ocrx_word' id='word_1_142' title='bbox 1082 1365 1144 1413; x_wconf 87' lang='lat' dir='ltr'><em>tanti</em></span> <span class='ocrx_word' id='word_1_143' title='bbox 1159 1363 1247 1423; x_wconf 88' lang='lat' dir='ltr'><em>ueneni,</em></span> 
     </span>
     <span class='ocr_line' id='line_1_14' title="bbox 127 1448 1248 1511; baseline 0 -15"><span class='ocrx_word' id='word_1_144' title='bbox 127 1466 145 1495; x_wconf 88' lang='lat' dir='ltr'><em>a</em></span> <span class='ocrx_word' id='word_1_145' title='bbox 161 1448 300 1510; x_wconf 85' lang='lat' dir='ltr'><em>quibusdam</em></span> <span class='ocrx_word' id='word_1_146' title='bbox 319 1449 457 1499; x_wconf 87' lang='lat' dir='ltr'><em>animalium</em></span> <span class='ocrx_word' id='word_1_147' title='bbox 472 1458 499 1500; x_wconf 90' lang='lat' dir='ltr'><em>ut</em></span> <span class='ocrx_word' id='word_1_148' title='bbox 513 1452 584 1499; x_wconf 82' lang='lat' dir='ltr'><em>subus</em></span> <span class='ocrx_word' id='word_1_149' title='bbox 599 1449 728 1499; x_wconf 86' lang='lat' dir='ltr'><em>manditur.</em></span> <span class='ocrx_word' id='word_1_150' title='bbox 751 1452 801 1499; x_wconf 90' lang='lat' dir='ltr'><em>Pro</em></span> <span class='ocrx_word' id='word_1_151' title='bbox 818 1450 889 1497; x_wconf 84' lang='lat' dir='ltr'><em>subus</em></span> <span class='ocrx_word' id='word_1_152' title='bbox 910 1450 1013 1511; x_wconf 82' lang='lat' dir='ltr'><em>quidem</em></span> <span class='ocrx_word' id='word_1_153' title='bbox 1033 1449 1107 1509; x_wconf 84' lang='lat' dir='ltr'><em>sibus,</em></span> <span class='ocrx_word' id='word_1_154' title='bbox 1128 1449 1248 1511; x_wconf 82' lang='lat' dir='ltr'><em>quemad-</em></span> 
     </span>
     <span class='ocr_line' id='line_1_15' title="bbox 127 1534 1248 1597; baseline -0.001 -17"><span class='ocrx_word' id='word_1_155' title='bbox 127 1534 231 1581; x_wconf 90' lang='lat' dir='ltr'><em>modum</em></span> <span class='ocrx_word' id='word_1_156' title='bbox 245 1543 270 1583; x_wconf 90' lang='lat' dir='ltr'><em>et</em></span> <span class='ocrx_word' id='word_1_157' title='bbox 281 1541 389 1596; x_wconf 83' lang='lat' dir='ltr'><em>quatuor</em></span> <span class='ocrx_word' id='word_1_158' title='bbox 400 1535 488 1584; x_wconf 82' lang='lat' dir='ltr'><em>nostri.</em></span> <span class='ocrx_word' id='word_1_159' title='bbox 506 1535 542 1583; x_wconf 85' lang='lat' dir='ltr'><em>Et</em></span> <span class='ocrx_word' id='word_1_160' title='bbox 552 1549 606 1583; x_wconf 91' lang='lat' dir='ltr'><em>non</em></span> <span class='ocrx_word' id='word_1_161' title='bbox 617 1534 721 1597; x_wconf 86' lang='lat' dir='ltr'><em>proprie</em></span> <span class='ocrx_word' id='word_1_162' title='bbox 733 1549 814 1593; x_wconf 82' lang='lat' dir='ltr'><em>snum,</em></span> <span class='ocrx_word' id='word_1_163' title='bbox 833 1535 876 1583; x_wconf 91' lang='lat' dir='ltr'><em>ssd</em></span> <span class='ocrx_word' id='word_1_164' title='bbox 893 1534 1001 1583; x_wconf 87' lang='lat' dir='ltr'><em>eliorum</em></span> <span class='ocrx_word' id='word_1_165' title='bbox 1019 1547 1120 1596; x_wconf 86' lang='lat' dir='ltr'><em>quoqne</em></span> <span class='ocrx_word' id='word_1_166' title='bbox 1136 1546 1189 1581; x_wconf 91' lang='lat' dir='ltr'><em>non</em></span> <span class='ocrx_word' id='word_1_167' title='bbox 1201 1545 1248 1579; x_wconf 93' lang='lat' dir='ltr'><em>no-</em></span> 
     </span>
     <span class='ocr_line' id='line_1_16' title="bbox 128 1614 1247 1667; baseline 0.001 -4"><span class='ocrx_word' id='word_1_168' title='bbox 128 1617 280 1665; x_wconf 77' lang='lat' dir='ltr'><em>minatorum</em></span> <span class='ocrx_word' id='word_1_169' title='bbox 293 1618 441 1667; x_wconf 83' lang='lat' dir='ltr'><em>animalium</em></span> <span class='ocrx_word' id='word_1_170' title='bbox 454 1614 480 1666; x_wconf 86' lang='lat' dir='ltr'><em>id</em></span> <span class='ocrx_word' id='word_1_171' title='bbox 489 1632 547 1667; x_wconf 88' lang='lat' dir='ltr'><em>eum</em></span> <span class='ocrx_word' id='word_1_172' title='bbox 557 1617 647 1667; x_wconf 87' lang='lat' dir='ltr'><em>fecisse</em></span> <span class='ocrx_word' id='word_1_173' title='bbox 656 1619 805 1666; x_wconf 81' lang='lat' dir='ltr'><em>elimentum</em></span> <span class='ocrx_word' id='word_1_174' title='bbox 815 1619 920 1666; x_wconf 82' lang='lat' dir='ltr'><em>suadere</em></span> <span class='ocrx_word' id='word_1_175' title='bbox 930 1619 1046 1666; x_wconf 82' lang='lat' dir='ltr'><em>videntur</em></span> <span class='ocrx_word' id='word_1_176' title='bbox 1054 1619 1130 1666; x_wconf 84' lang='lat' dir='ltr'><em>verbe</em></span> <span class='ocrx_word' id='word_1_177' title='bbox 1139 1631 1201 1665; x_wconf 83' lang='lat' dir='ltr'><em>mox</em></span> <span class='ocrx_word' id='word_1_178' title='bbox 1210 1631 1247 1664; x_wconf 90' lang='lat' dir='ltr'><em>se-</em></span> 
     </span>
     <span class='ocr_line' id='line_1_17' title="bbox 129 1698 1247 1764; baseline 0.001 -16"><span class='ocrx_word' id='word_1_179' title='bbox 129 1699 289 1762; x_wconf 57' lang='lat' dir='ltr'><em>quentiam,</em></span> <span class='ocrx_word' id='word_1_180' title='bbox 299 1700 356 1763; x_wconf 83' lang='lat'>76]:</span> <span class='ocrx_word' id='word_1_181' title='bbox 372 1701 489 1750; x_wconf 84' lang='lat' dir='ltr'><em>Venenum</em></span> <span class='ocrx_word' id='word_1_182' title='bbox 498 1700 547 1749; x_wconf 84' lang='lat' dir='ltr'><em>eius</em></span> <span class='ocrx_word' id='word_1_183' title='bbox 556 1700 672 1764; x_wconf 82' lang='lat' dir='ltr'><em>restinpui</em></span> <span class='ocrx_word' id='word_1_184' title='bbox 678 1700 781 1763; x_wconf 82' lang='lat' dir='ltr'><em>primum</em></span> <span class='ocrx_word' id='word_1_185' title='bbox 791 1701 890 1748; x_wconf 91' lang='lat' dir='ltr'><em>omnium</em></span> <span class='ocrx_word' id='word_1_186' title='bbox 900 1701 931 1748; x_wconf 87' lang='lat' dir='ltr'><em>ab</em></span> <span class='ocrx_word' id='word_1_187' title='bbox 940 1700 985 1761; x_wconf 76' lang='lat' dir='ltr'><em>tu,</em></span> <span class='ocrx_word' id='word_1_188' title='bbox 995 1716 1055 1762; x_wconf 83' lang='lat' dir='ltr'><em>quae</em></span> <span class='ocrx_word' id='word_1_189' title='bbox 1063 1708 1188 1748; x_wconf 88' lang='lat' dir='ltr'><em>vescantur</em></span> <span class='ocrx_word' id='word_1_190' title='bbox 1196 1698 1247 1749; x_wconf 84' lang='lat' dir='ltr'><em>illa.</em></span> 
     </span>
     <span class='ocr_line' id='line_1_18' title="bbox 129 1782 1245 1847; baseline 0.002 -19"><span class='ocrx_word' id='word_1_191' title='bbox 129 1797 158 1828; x_wconf 84' lang='lat' dir='ltr'><em>ea</em></span> <span class='ocrx_word' id='word_1_192' title='bbox 169 1784 198 1832; x_wconf 88' lang='lat' dir='ltr'><em>iis</em></span> <span class='ocrx_word' id='word_1_193' title='bbox 210 1782 340 1833; x_wconf 83' lang='lat' dir='ltr'><em>verosimile</em></span> <span class='ocrx_word' id='word_1_194' title='bbox 351 1793 392 1842; x_wconf 79' lang='lat' dir='ltr'><em>est,</em></span> <span class='ocrx_word' id='word_1_195' title='bbox 411 1800 472 1846; x_wconf 83' lang='lat' dir='ltr'><em>quae</em></span> <span class='ocrx_word' id='word_1_196' title='bbox 485 1783 626 1847; x_wconf 87' lang='lat' dir='ltr'><em>produntur,</em></span> <span class='ocrx_word' id='word_1_197' title='bbox 643 1783 809 1831; x_wconf 69' lang='lat' dir='ltr'><em>cantharidum</em></span> <span class='ocrx_word' id='word_1_198' title='bbox 820 1791 877 1846; x_wconf 90' lang='lat' dir='ltr'><em>potu</em></span> <span class='ocrx_word' id='word_1_199' title='bbox 889 1792 931 1831; x_wconf 89' lang='lat' dir='ltr'><em>aut</em></span> <span class='ocrx_word' id='word_1_200' title='bbox 943 1783 1032 1832; x_wconf 89' lang='lat' dir='ltr'><em>lacerta</em></span> <span class='ocrx_word' id='word_1_201' title='bbox 1044 1783 1068 1833; x_wconf 89' lang='lat' dir='ltr'><em>in</em></span> <span class='ocrx_word' id='word_1_202' title='bbox 1080 1784 1131 1831; x_wconf 86' lang='lat' dir='ltr'><em>cibo</em></span> <span class='ocrx_word' id='word_1_203' title='bbox 1142 1790 1245 1844; x_wconf 89' lang='lat' dir='ltr'><em>sumpta.</em></span> 
     </span>
     <span class='ocr_line' id='line_1_19' title="bbox 129 1864 1248 1931; baseline -0.004 -16"><span class='ocrx_word' id='word_1_204' title='bbox 129 1866 176 1915; x_wconf 83' lang='lat' dir='ltr'><em>Sic.</em></span> <span class='ocrx_word' id='word_1_205' title='bbox 187 1868 254 1915; x_wconf 88' lang='lat' dir='ltr'><em>enim</em></span> <span class='ocrx_word' id='word_1_206' title='bbox 269 1869 414 1928; x_wconf 84' lang='lat' dir='ltr'><em>legendum.</em></span> <span class='ocrx_word' id='word_1_207' title='bbox 436 1867 564 1931; x_wconf 83' lang='lat' dir='ltr'><em>Restinpui</em></span> <span class='ocrx_word' id='word_1_208' title='bbox 580 1868 701 1917; x_wconf 86' lang='lat' dir='ltr'><em>Vossieni</em></span> <span class='ocrx_word' id='word_1_209' title='bbox 719 1875 795 1917; x_wconf 87' lang='lat' dir='ltr'><em>estet</em></span> <span class='ocrx_word' id='word_1_210' title='bbox 807 1867 961 1926; x_wconf 71' lang='lat' dir='ltr'><em>chilleham,</em></span> <span class='ocrx_word' id='word_1_211' title='bbox 978 1875 1007 1915; x_wconf 90' lang='lat' dir='ltr'><em>nt</em></span> <span class='ocrx_word' id='word_1_212' title='bbox 1024 1876 1049 1917; x_wconf 90' lang='lat' dir='ltr'><em>et</em></span> <span class='ocrx_word' id='word_1_213' title='bbox 1061 1864 1200 1914; x_wconf 81' lang='lat' dir='ltr'><em>verosimile:</em></span> <span class='ocrx_word' id='word_1_214' title='bbox 1219 1881 1248 1911; x_wconf 83' lang='lat' dir='ltr'><em>ea</em></span> 
     </span>
     <span class='ocr_line' id='line_1_20' title="bbox 129 1948 1246 2013; baseline 0.001 -18"><span class='ocrx_word' id='word_1_215' title='bbox 129 1948 166 1996; x_wconf 87' lang='lat' dir='ltr'><em>his</em></span> <span class='ocrx_word' id='word_1_216' title='bbox 175 1951 293 1999; x_wconf 84' lang='lat' dir='ltr'><em>Vossiuni</em></span> <span class='ocrx_word' id='word_1_217' title='bbox 301 1967 306 1998; x_wconf 93' lang='lat'><strong>:</strong></span> <span class='ocrx_word' id='word_1_218' title='bbox 315 1952 500 2000; x_wconf 80' lang='lat' dir='ltr'><em>distinctionem</em></span> <span class='ocrx_word' id='word_1_219' title='bbox 511 1967 545 2001; x_wconf 84' lang='lat' dir='ltr'><em>ex</em></span> <span class='ocrx_word' id='word_1_220' title='bbox 554 1953 679 2001; x_wconf 84' lang='lat' dir='ltr'><em>sententie</em></span> <span class='ocrx_word' id='word_1_221' title='bbox 687 1951 847 2001; x_wconf 83' lang='lat' dir='ltr'><em>mutevimue.</em></span> <span class='ocrx_word' id='word_1_222' title='bbox 860 1951 974 2013; x_wconf 87' lang='lat' dir='ltr'><em>Respicit</em></span> <span class='ocrx_word' id='word_1_223' title='bbox 983 1959 1067 2000; x_wconf 87' lang='lat' dir='ltr'><em>entem</em></span> <span class='ocrx_word' id='word_1_224' title='bbox 1077 1952 1145 1998; x_wconf 88' lang='lat' dir='ltr'><em>hune</em></span> <span class='ocrx_word' id='word_1_225' title='bbox 1154 1951 1246 2008; x_wconf 89' lang='lat' dir='ltr'><em>locum,</em></span> 
     </span>
     <span class='ocr_line' id='line_1_21' title="bbox 130 2031 1247 2097; baseline -0.002 -17"><span class='ocrx_word' id='word_1_226' title='bbox 130 2048 206 2094; x_wconf 89' lang='lat' dir='ltr'><em>quum</em></span> <span class='ocrx_word' id='word_1_227' title='bbox 219 2035 306 2084; x_wconf 84' lang='lat' dir='ltr'><em>scribit</em></span> <span class='ocrx_word' id='word_1_228' title='bbox 318 2039 405 2085; x_wconf 88' lang='lat' dir='ltr'><em>eodem</em></span> <span class='ocrx_word' id='word_1_229' title='bbox 418 2037 500 2097; x_wconf 83' lang='lat' dir='ltr'><em>capite</em></span> <span class='ocrx_word' id='word_1_230' title='bbox 511 2034 579 2084; x_wconf 86' lang='lat' dir='ltr'><em>infre</em></span> <span class='ocrx_word' id='word_1_231' title='bbox 591 2032 644 2096; x_wconf 77' lang='lat'>[29‚</span> <span class='ocrx_word' id='word_1_232' title='bbox 658 2032 715 2095; x_wconf 79' lang='lat'><strong>92]:</strong></span> <span class='ocrx_word' id='word_1_233' title='bbox 728 2032 899 2084; x_wconf 83' lang='lat' dir='ltr'><em>Sulumandris</em></span> <span class='ocrx_word' id='word_1_234' title='bbox 911 2032 1062 2082; x_wconf 85' lang='lat' dir='ltr'><em>cantharides</em></span> <span class='ocrx_word' id='word_1_235' title='bbox 1074 2032 1176 2081; x_wconf 80' lang='lat' dir='ltr'><em>diximus</em></span> <span class='ocrx_word' id='word_1_236' title='bbox 1187 2031 1247 2079; x_wconf 88' lang='lat' dir='ltr'><em>resi·</em></span> 
     </span>
     <span class='ocr_line' id='line_1_22' title="bbox 129 2115 1247 2181; baseline 0 -18"><span class='ocrx_word' id='word_1_237' title='bbox 129 2124 196 2165; x_wconf 86' lang='lat' dir='ltr'><em>stere.</em></span> <span class='ocrx_word' id='word_1_238' title='bbox 218 2119 274 2166; x_wconf 87' lang='lat' dir='ltr'><em>Lib.</em></span> <span class='ocrx_word' id='word_1_239' title='bbox 290 2123 328 2166; x_wconf 91' lang='grc'><em>11,</em></span> <span class='ocrx_word' id='word_1_240' title='bbox 341 2128 425 2167; x_wconf 85' lang='lat' dir='ltr'><em>temen</em></span> <span class='ocrx_word' id='word_1_241' title='bbox 440 2133 496 2181; x_wconf 85' lang='lat' dir='ltr'><em>cap.</em></span> <span class='ocrx_word' id='word_1_242' title='bbox 509 2125 540 2168; x_wconf 91' lang='grc'><em>53</em></span> <span class='ocrx_word' id='word_1_243' title='bbox 554 2115 624 2180; x_wconf 86' lang='grc'>[115,</span> <span class='ocrx_word' id='word_1_244' title='bbox 638 2116 712 2179; x_wconf 79' lang='lat'><strong>279]:</strong></span> <span class='ocrx_word' id='word_1_245' title='bbox 729 2117 791 2175; x_wconf 82' lang='lat' dir='ltr'><em>Quin</em></span> <span class='ocrx_word' id='word_1_246' title='bbox 803 2125 825 2165; x_wconf 93' lang='lat' dir='ltr'><em>et</em></span> <span class='ocrx_word' id='word_1_247' title='bbox 836 2119 907 2165; x_wconf 88' lang='lat' dir='ltr'><em>subus</em></span> <span class='ocrx_word' id='word_1_248' title='bbox 917 2126 1036 2181; x_wconf 72' lang='lat' dir='ltr'><em>repentes</em></span> <span class='ocrx_word' id='word_1_249' title='bbox 1047 2117 1071 2165; x_wconf 89' lang='lat' dir='ltr'><em>in</em></span> <span class='ocrx_word' id='word_1_250' title='bbox 1085 2115 1173 2180; x_wconf 86' lang='lat' dir='ltr'><em>pabulo</em></span> <span class='ocrx_word' id='word_1_251' title='bbox 1184 2123 1247 2163; x_wconf 82' lang='lat' dir='ltr'><em>sunt.</em></span> 
     </span>
     <span class='ocr_line' id='line_1_23' title="bbox 130 2200 1247 2265; baseline -0.003 -16"><span class='ocrx_word' id='word_1_252' title='bbox 130 2201 251 2260; x_wconf 83' lang='lat' dir='ltr'><em>Quemvis</em></span> <span class='ocrx_word' id='word_1_253' title='bbox 268 2203 311 2250; x_wconf 85' lang='lat' dir='ltr'><em>hic</em></span> <span class='ocrx_word' id='word_1_254' title='bbox 327 2217 428 2265; x_wconf 87' lang='lat' dir='ltr'><em>quoqne</em></span> <span class='ocrx_word' id='word_1_255' title='bbox 444 2203 541 2251; x_wconf 76' lang='lat' dir='ltr'><em>renent</em></span> <span class='ocrx_word' id='word_1_256' title='bbox 557 2203 656 2251; x_wconf 90' lang='lat' dir='ltr'><em>codices</em></span> <span class='ocrx_word' id='word_1_257' title='bbox 672 2210 697 2250; x_wconf 86' lang='lat' dir='ltr'><em>et</em></span> <span class='ocrx_word' id='word_1_258' title='bbox 713 2202 841 2249; x_wconf 90' lang='lat' dir='ltr'><em>nonnulli:</em></span> <span class='ocrx_word' id='word_1_259' title='bbox 863 2200 925 2257; x_wconf 79' lang='lat' dir='ltr'><em>Quin</em></span> <span class='ocrx_word' id='word_1_260' title='bbox 942 2209 964 2248; x_wconf 89' lang='lat' dir='ltr'><em>et</em></span> <span class='ocrx_word' id='word_1_261' title='bbox 979 2200 1023 2249; x_wconf 87' lang='lat' dir='ltr'><em>his.</em></span> <span class='ocrx_word' id='word_1_262' title='bbox 1046 2201 1096 2250; x_wconf 84' lang='lat' dir='ltr'><em>Sed</em></span> <span class='ocrx_word' id='word_1_263' title='bbox 1113 2201 1247 2262; x_wconf 84' lang='lat' dir='ltr'><em>utrobique</em></span> 
     </span>
     <span class='ocr_line' id='line_1_24' title="bbox 129 2273 1245 2348; baseline 0 -17"><span class='ocrx_word' id='word_1_264' title='bbox 129 2285 200 2332; x_wconf 86' lang='lat' dir='ltr'><em>subus</em></span> <span class='ocrx_word' id='word_1_265' title='bbox 212 2286 343 2335; x_wconf 86' lang='lat' dir='ltr'><em>confirmet</em></span> <span class='ocrx_word' id='word_1_266' title='bbox 353 2287 504 2336; x_wconf 86' lang='lat' dir='ltr'><em>Aristoteles</em></span> <span class='ocrx_word' id='word_1_267' title='bbox 516 2285 575 2334; x_wconf 87' lang='lat' dir='ltr'><em>bist.</em></span> <span class='ocrx_word' id='word_1_268' title='bbox 588 2285 690 2334; x_wconf 87' lang='lat' dir='ltr'><em>enlmel.</em></span> <span class='ocrx_word' id='word_1_269' title='bbox 703 2288 727 2344; x_wconf 82' lang='grc'><em>8,</em></span> <span class='ocrx_word' id='word_1_270' title='bbox 742 2290 767 2333; x_wconf 84' lang='lat' dir='ltr'><em>l:</em></span> <span class='ocrx_word' id='word_1_271' title='bbox 781 2273 861 2346; x_wconf 75' lang='grc' dir='ltr'><em>Ὄφις</em></span> <span class='ocrx_word' id='word_1_272' title='bbox 874 2280 906 2330; x_wconf 70' lang='grc' dir='ltr'><em>δὲ</em></span> <span class='ocrx_word' id='word_1_273' title='bbox 923 2279 996 2348; x_wconf 76' lang='grc' dir='ltr'><em>γαλῇ</em></span> <span class='ocrx_word' id='word_1_274' title='bbox 1005 2280 1049 2331; x_wconf 79' lang='lat' dir='ltr'><em>nal</em></span> <span class='ocrx_word' id='word_1_275' title='bbox 1068 2278 1093 2330; x_wconf 80' lang='lat' dir='ltr'><em>il</em></span> <span class='ocrx_word' id='word_1_276' title='bbox 1108 2279 1245 2342; x_wconf 82' lang='grc' dir='ltr'><em>πολέμιον.</em></span> 
     </span>
     <span class='ocr_line' id='line_1_25' title="bbox 129 2359 1245 2433; baseline -0.002 -18"><span class='ocrx_word' id='word_1_277' title='bbox 129 2365 164 2432; x_wconf 81' lang='grc' dir='ltr'><em>τῇ</em></span> <span class='ocrx_word' id='word_1_278' title='bbox 172 2364 223 2425; x_wconf 84' lang='grc' dir='ltr'><em>μὲν</em></span> <span class='ocrx_word' id='word_1_279' title='bbox 239 2364 319 2433; x_wconf 75' lang='grc' dir='ltr'><em>γαλῇ,</em></span> <span class='ocrx_word' id='word_1_280' title='bbox 332 2359 392 2416; x_wconf 79' lang='grc' dir='ltr'><strong><em>κατ’</em></strong></span> <span class='ocrx_word' id='word_1_281' title='bbox 407 2365 493 2416; x_wconf 81' lang='lat' dir='ltr'><em>olxluu</em></span> <span class='ocrx_word' id='word_1_282' title='bbox 507 2364 570 2416; x_wconf 82' lang='grc' dir='ltr'><em>ὅταν</em></span> <span class='ocrx_word' id='word_1_283' title='bbox 584 2363 648 2415; x_wconf 78' lang='grc' dir='ltr'><em>ὦσιν</em></span> <span class='ocrx_word' id='word_1_284' title='bbox 666 2363 819 2430; x_wconf 76' lang='grc' dir='ltr'><em>ἀμφότερα.</em></span> <span class='ocrx_word' id='word_1_285' title='bbox 842 2363 895 2414; x_wconf 81' lang='grc' dir='ltr'><em>ἀπὸ</em></span> <span class='ocrx_word' id='word_1_286' title='bbox 912 2362 966 2430; x_wconf 73' lang='grc' dir='ltr'><em>γὰρ</em></span> <span class='ocrx_word' id='word_1_287' title='bbox 982 2366 1034 2414; x_wconf 82' lang='grc' dir='ltr'><em>τῶν</em></span> <span class='ocrx_word' id='word_1_288' title='bbox 1051 2363 1140 2414; x_wconf 81' lang='grc' dir='ltr'><em>αὐτῶν</em></span> <span class='ocrx_word' id='word_1_289' title='bbox 1158 2364 1245 2421; x_wconf 79' lang='grc' dir='ltr'><em>ζῶσιν.</em></span> 
     </span>
     <span class='ocr_line' id='line_1_26' title="bbox 128 2442 1341 2516; baseline -0.002 -18"><span class='ocrx_word' id='word_1_290' title='bbox 128 2450 145 2513; x_wconf 79' lang='grc' dir='ltr'><em>ἡ</em></span> <span class='ocrx_word' id='word_1_291' title='bbox 159 2448 189 2498; x_wconf 75' lang='grc' dir='ltr'><em>δὲ</em></span> <span class='ocrx_word' id='word_1_292' title='bbox 204 2446 237 2507; x_wconf 77' lang='grc' dir='ltr'><em>ὗς</em></span> <span class='ocrx_word' id='word_1_293' title='bbox 247 2449 336 2500; x_wconf 69' lang='lat' dir='ltr'><em>coutet</em></span> <span class='ocrx_word' id='word_1_294' title='bbox 345 2450 411 2509; x_wconf 84' lang='grc' dir='ltr'><strong><em>τοὺς</em></strong></span> <span class='ocrx_word' id='word_1_295' title='bbox 421 2449 508 2516; x_wconf 70' lang='grc' dir='ltr'>ὄφεις.</span> <span class='ocrx_word' id='word_1_296' title='bbox 521 2453 633 2501; x_wconf 86' lang='lat' dir='ltr'><em>Pintisni</em></span> <span class='ocrx_word' id='word_1_297' title='bbox 647 2453 726 2501; x_wconf 85' lang='lat' dir='ltr'><em>codex</em></span> <span class='ocrx_word' id='word_1_298' title='bbox 740 2452 873 2514; x_wconf 85' lang='lat' dir='ltr'><em>posteriori</em></span> <span class='ocrx_word' id='word_1_299' title='bbox 885 2452 994 2500; x_wconf 76' lang='lat' dir='ltr'><em>locozab</em></span> <span class='ocrx_word' id='word_1_300' title='bbox 1005 2449 1114 2513; x_wconf 85' lang='lat' dir='ltr'><em>hisquae</em></span> <span class='ocrx_word' id='word_1_301' title='bbox 1125 2458 1248 2498; x_wconf 84' lang='lat' dir='ltr'><em>vescantur</em></span> <span class='ocrx_word' id='word_1_302' title='bbox 1328 2442 1341 2465; x_wconf 59' lang='lat'>³</span> 
     </span>
     <span class='ocr_line' id='line_1_27' title="bbox 129 2533 1247 2597; baseline 0 -15"><span class='ocrx_word' id='word_1_303' title='bbox 129 2534 175 2582; x_wconf 88' lang='lat' dir='ltr'><em>illu</em></span> <span class='ocrx_word' id='word_1_304' title='bbox 193 2535 336 2584; x_wconf 70' lang='lat' dir='ltr'><em>verissimile.</em></span> <span class='ocrx_word' id='word_1_305' title='bbox 358 2535 401 2584; x_wconf 82' lang='lat' dir='ltr'><em>Ea·</em></span> <span class='ocrx_word' id='word_1_306' title='bbox 416 2535 453 2584; x_wconf 86' lang='lat' dir='ltr'><em>his</em></span> <span class='ocrx_word' id='word_1_307' title='bbox 468 2552 522 2584; x_wconf 88' lang='lat' dir='ltr'><em>uero</em></span> <span class='ocrx_word' id='word_1_308' title='bbox 537 2535 628 2584; x_wconf 88' lang='lat' dir='ltr'><em>similia</em></span> <span class='ocrx_word' id='word_1_309' title='bbox 645 2543 712 2595; x_wconf 86' lang='lat' dir='ltr'><em>sunt,</em></span> <span class='ocrx_word' id='word_1_310' title='bbox 731 2551 791 2597; x_wconf 83' lang='lat' dir='ltr'><em>quae</em></span> <span class='ocrx_word' id='word_1_311' title='bbox 804 2533 938 2597; x_wconf 87' lang='lat' dir='ltr'><em>produntur</em></span> <span class='ocrx_word' id='word_1_312' title='bbox 956 2533 985 2582; x_wconf 88' lang='lat' dir='ltr'><em>ds</em></span> <span class='ocrx_word' id='word_1_313' title='bbox 1001 2533 1166 2583; x_wconf 83' lang='lat' dir='ltr'><em>cantharidum</em></span> <span class='ocrx_word' id='word_1_314' title='bbox 1182 2543 1247 2597; x_wconf 84' lang='lat' dir='ltr'><em>potu.</em></span> 
     </span>
     <span class='ocr_line' id='line_1_28' title="bbox 130 2617 782 2682; baseline -0.002 -16"><span class='ocrx_word' id='word_1_315' title='bbox 130 2619 201 2668; x_wconf 91' lang='lat' dir='ltr'><em>Idem</em></span> <span class='ocrx_word' id='word_1_316' title='bbox 213 2617 334 2682; x_wconf 83' lang='lat' dir='ltr'><em>restinpui.</em></span> <span class='ocrx_word' id='word_1_317' title='bbox 779 2669 782 2676; x_wconf 57' lang='grc'><strong>,</strong></span> 
     </span>
    </p>

    <p class='ocr_par' dir='ltr' id='par_1_6' title="bbox 127 2696 1248 3100">
     <span class='ocr_line' id='line_1_29' title="bbox 164 2696 1248 2766; baseline -0.004 -14"><span class='ocrx_word' id='word_1_318' title='bbox 164 2701 217 2765; x_wconf 64' lang='grc'><em>[23</em></span> <span class='ocrx_word' id='word_1_319' title='bbox 231 2701 275 2764; x_wconf 89' lang='grc'><em>83]</em></span> <span class='ocrx_word' id='word_1_320' title='bbox 293 2696 330 2752; x_wconf 80' lang='lat' dir='ltr'><em>Ei</em></span> <span class='ocrx_word' id='word_1_321' title='bbox 342 2701 442 2766; x_wconf 85' lang='lat' dir='ltr'><em>pedihus</em></span> <span class='ocrx_word' id='word_1_322' title='bbox 453 2719 587 2766; x_wconf 81' lang='lat' dir='ltr'><em>suspensum</em></span> <span class='ocrx_word' id='word_1_323' title='bbox 603 2720 694 2751; x_wconf 88' lang='lat' dir='ltr'><em>sursum</em></span> <span class='ocrx_word' id='word_1_324' title='bbox 712 2703 736 2751; x_wconf 86' lang='lat' dir='ltr'><em>in</em></span> <span class='ocrx_word' id='word_1_325' title='bbox 753 2701 943 2766; x_wconf 73' lang='lat' dir='ltr'><em>superluminari]</em></span> <span class='ocrx_word' id='word_1_326' title='bbox 963 2703 1064 2756; x_wconf 83' lang='lat' dir='ltr'><em>cbiflst.</em></span> <span class='ocrx_word' id='word_1_327' title='bbox 1076 2718 1211 2765; x_wconf 88' lang='lat' dir='ltr'><em>suspensum</em></span> <span class='ocrx_word' id='word_1_328' title='bbox 1224 2703 1248 2749; x_wconf 92' lang='lat' dir='ltr'><em>in</em></span> 
     </span>
     <span class='ocr_line' id='line_1_30' title="bbox 128 2786 1247 2850; baseline -0.002 -16"><span class='ocrx_word' id='word_1_329' title='bbox 128 2787 283 2850; x_wconf 88' lang='lat' dir='ltr'><em>snperlimine.</em></span> <span class='ocrx_word' id='word_1_330' title='bbox 310 2788 387 2836; x_wconf 89' lang='lat' dir='ltr'><em>Voss.</em></span> <span class='ocrx_word' id='word_1_331' title='bbox 402 2802 536 2849; x_wconf 85' lang='lat' dir='ltr'><em>suspensum</em></span> <span class='ocrx_word' id='word_1_332' title='bbox 557 2803 628 2850; x_wconf 88' lang='lat' dir='ltr'><em>super</em></span> <span class='ocrx_word' id='word_1_333' title='bbox 648 2786 733 2836; x_wconf 84' lang='lat' dir='ltr'><em>limine.</em></span> <span class='ocrx_word' id='word_1_334' title='bbox 760 2787 849 2836; x_wconf 88' lang='lat' dir='ltr'><em>Neutri</em></span> <span class='ocrx_word' id='word_1_335' title='bbox 869 2802 968 2835; x_wconf 85' lang='lat' dir='ltr'><em>sursum.</em></span> <span class='ocrx_word' id='word_1_336' title='bbox 996 2786 1093 2837; x_wconf 87' lang='lat' dir='ltr'><em>Scribe:</em></span> <span class='ocrx_word' id='word_1_337' title='bbox 1113 2801 1247 2848; x_wconf 84' lang='lat' dir='ltr'><em>suspensum</em></span> 
     </span>
     <span class='ocr_line' id='line_1_31' title="bbox 128 2867 1248 2933; baseline -0.002 -16"><span class='ocrx_word' id='word_1_338' title='bbox 128 2886 213 2933; x_wconf 84' lang='lat' dir='ltr'><em>supero</em></span> <span class='ocrx_word' id='word_1_339' title='bbox 226 2869 310 2919; x_wconf 88' lang='lat' dir='ltr'><em>limine.</em></span> <span class='ocrx_word' id='word_1_340' title='bbox 328 2871 435 2919; x_wconf 82' lang='lat' dir='ltr'><em>Plautus</em></span> <span class='ocrx_word' id='word_1_341' title='bbox 443 2871 564 2919; x_wconf 83' lang='lat' dir='ltr'><em>Bacchid.</em></span> <span class='ocrx_word' id='word_1_342' title='bbox 575 2878 599 2931; x_wconf 83' lang='lat'><em>4,</em></span> <span class='ocrx_word' id='word_1_343' title='bbox 609 2877 624 2921; x_wconf 82' lang='lat'>9</span> <span class='ocrx_word' id='word_1_344' title='bbox 639 2869 685 2932; x_wconf 88' lang='lat' dir='ltr'><em>[vs.</em></span> <span class='ocrx_word' id='word_1_345' title='bbox 697 2869 962 2931; x_wconf 81' lang='lat' dir='ltr'><em>ss.ss7.1titschel.]:</em></span> <span class='ocrx_word' id='word_1_346' title='bbox 974 2869 1046 2920; x_wconf 87' lang='lat' dir='ltr'><em>Nunc</em></span> <span class='ocrx_word' id='word_1_347' title='bbox 1056 2884 1166 2932; x_wconf 86' lang='lat' dir='ltr'><em>superum</em></span> <span class='ocrx_word' id='word_1_348' title='bbox 1179 2867 1248 2916; x_wconf 86' lang='lat' dir='ltr'><em>limen</em></span> 
     </span>
     <span class='ocr_line' id='line_1_32' title="bbox 128 2949 1248 3014; baseline -0.004 -12"><span class='ocrx_word' id='word_1_349' title='bbox 128 2953 255 3014; x_wconf 76' lang='lat' dir='ltr'><em>scinditur5</em></span> <span class='ocrx_word' id='word_1_350' title='bbox 272 2969 333 3001; x_wconf 86' lang='lat' dir='ltr'><em>nunc</em></span> <span class='ocrx_word' id='word_1_351' title='bbox 347 2952 416 3001; x_wconf 87' lang='lat' dir='ltr'><em>adest</em></span> <span class='ocrx_word' id='word_1_352' title='bbox 430 2953 526 3002; x_wconf 79' lang='lat' dir='ltr'><em>esitium</em></span> <span class='ocrx_word' id='word_1_353' title='bbox 538 2953 592 3003; x_wconf 88' lang='lat' dir='ltr'><em>Ilio.</em></span> <span class='ocrx_word' id='word_1_354' title='bbox 616 2956 708 3005; x_wconf 85' lang='lat' dir='ltr'><em>Noster</em></span> <span class='ocrx_word' id='word_1_355' title='bbox 719 2955 763 3004; x_wconf 90' lang='lat' dir='ltr'><em>lib.</em></span> <span class='ocrx_word' id='word_1_356' title='bbox 777 2960 818 3013; x_wconf 75' lang='lat'><em>82,</em></span> <span class='ocrx_word' id='word_1_357' title='bbox 832 2959 845 3001; x_wconf 90' lang='grc'>5</span> <span class='ocrx_word' id='word_1_358' title='bbox 861 2952 914 3014; x_wconf 83' lang='grc'>[18,</span> <span class='ocrx_word' id='word_1_359' title='bbox 928 2950 985 3012; x_wconf 80' lang='lat'>44]:</span> <span class='ocrx_word' id='word_1_360' title='bbox 1000 2951 1070 3000; x_wconf 85' lang='lat' dir='ltr'><em>stella</em></span> <span class='ocrx_word' id='word_1_361' title='bbox 1086 2949 1182 2999; x_wconf 88' lang='lat' dir='ltr'><em>marina</em></span> <span class='ocrx_word' id='word_1_362' title='bbox 1198 2949 1248 2998; x_wconf 88' lang='lat' dir='ltr'><em>vul-</em></span> 
     </span>
     <span class='ocr_line' id='line_1_33' title="bbox 127 3035 741 3100; baseline 0 -15"><span class='ocrx_word' id='word_1_363' title='bbox 127 3039 184 3100; x_wconf 86' lang='lat' dir='ltr'><em>pino</em></span> <span class='ocrx_word' id='word_1_364' title='bbox 196 3037 310 3100; x_wconf 70' lang='lat' dir='ltr'><em>semperne</em></span> <span class='ocrx_word' id='word_1_365' title='bbox 320 3036 390 3085; x_wconf 88' lang='lat' dir='ltr'><em>inlita</em></span> <span class='ocrx_word' id='word_1_366' title='bbox 401 3044 424 3085; x_wconf 87' lang='lat' dir='ltr'><em>ei</em></span> <span class='ocrx_word' id='word_1_367' title='bbox 434 3037 519 3098; x_wconf 81' lang='lat' dir='ltr'><em>adfixa</em></span> <span class='ocrx_word' id='word_1_368' title='bbox 531 3036 608 3085; x_wconf 86' lang='lat' dir='ltr'><em>limini</em></span> <span class='ocrx_word' id='word_1_369' title='bbox 617 3035 741 3099; x_wconf 79' lang='lat' dir='ltr'><em>superiori.</em></span> 
     </span>
    </p>

    <p class='ocr_par' dir='ltr' id='par_1_7' title="bbox 129 3115 1342 3596">
     <span class='ocr_line' id='line_1_34' title="bbox 165 3115 1248 3185; baseline -0.005 -16"><span class='ocrx_word' id='word_1_370' title='bbox 165 3121 229 3169; x_wconf 73' lang='lat' dir='ltr'><em>One.</em></span> <span class='ocrx_word' id='word_1_371' title='bbox 238 3120 286 3168; x_wconf 85' lang='lat' dir='ltr'><em>VI.</em></span> <span class='ocrx_word' id='word_1_372' title='bbox 297 3119 350 3182; x_wconf 85' lang='grc'>[87,</span> <span class='ocrx_word' id='word_1_373' title='bbox 361 3117 421 3180; x_wconf 89' lang='grc'>115]</span> <span class='ocrx_word' id='word_1_374' title='bbox 434 3120 551 3185; x_wconf 80' lang='lat' dir='ltr'><em>Oeeppum</em></span> <span class='ocrx_word' id='word_1_375' title='bbox 560 3137 610 3168; x_wconf 89' lang='lat' dir='ltr'><em>cum</em></span> <span class='ocrx_word' id='word_1_376' title='bbox 620 3119 717 3184; x_wconf 84' lang='lat' dir='ltr'><em>mprrha</em></span> <span class='ocrx_word' id='word_1_377' title='bbox 725 3117 828 3167; x_wconf 86' lang='lat' dir='ltr'><em>calidum</em></span> <span class='ocrx_word' id='word_1_378' title='bbox 838 3115 951 3180; x_wconf 79' lang='lat' dir='ltr'><em>particillo</em></span> <span class='ocrx_word' id='word_1_379' title='bbox 960 3115 1056 3178; x_wconf 86' lang='lat' dir='ltr'><em>illitum]</em></span> <span class='ocrx_word' id='word_1_380' title='bbox 1067 3118 1144 3166; x_wconf 87' lang='lat' dir='ltr'><em>Voss.</em></span> <span class='ocrx_word' id='word_1_381' title='bbox 1153 3115 1248 3179; x_wconf 84' lang='lat' dir='ltr'><em>specillo</em></span> 
     </span>
     <span class='ocr_line' id='line_1_35' title="bbox 130 3197 1342 3267; baseline -0.002 -17"><span class='ocrx_word' id='word_1_382' title='bbox 130 3202 229 3251; x_wconf 86' lang='lat' dir='ltr'><em>inlitum.</em></span> <span class='ocrx_word' id='word_1_383' title='bbox 247 3204 339 3253; x_wconf 86' lang='lat' dir='ltr'><em>Paullo</em></span> <span class='ocrx_word' id='word_1_384' title='bbox 352 3212 410 3266; x_wconf 90' lang='lat' dir='ltr'><em>post</em></span> <span class='ocrx_word' id='word_1_385' title='bbox 422 3202 475 3265; x_wconf 85' lang='lat'><strong>[38‚</strong></span> <span class='ocrx_word' id='word_1_386' title='bbox 490 3203 564 3265; x_wconf 84' lang='lat'>117]:</span> <span class='ocrx_word' id='word_1_387' title='bbox 580 3202 675 3267; x_wconf 88' lang='lat' dir='ltr'><em>specillo</em></span> <span class='ocrx_word' id='word_1_388' title='bbox 687 3201 786 3250; x_wconf 85' lang='lat' dir='ltr'><em>demisso</em></span> <span class='ocrx_word' id='word_1_389' title='bbox 798 3201 823 3249; x_wconf 87' lang='lat' dir='ltr'><em>in</em></span> <span class='ocrx_word' id='word_1_390' title='bbox 835 3200 943 3248; x_wconf 75' lang='lat' dir='ltr'><em>dextram</em></span> <span class='ocrx_word' id='word_1_391' title='bbox 952 3207 1055 3263; x_wconf 86' lang='lat' dir='ltr'><em>partem,</em></span> <span class='ocrx_word' id='word_1_392' title='bbox 1067 3197 1182 3248; x_wconf 76' lang='lat' dir='ltr'><em>tidenter</em></span> <span class='ocrx_word' id='word_1_393' title='bbox 1195 3215 1248 3248; x_wconf 88' lang='lat' dir='ltr'><em>ocu·</em></span> <span class='ocrx_word' id='word_1_394' title='bbox 1340 3253 1342 3257; x_wconf 21' lang='lat'>⁸</span> 
     </span>
     <span class='ocr_line' id='line_1_36' title="bbox 129 3281 1249 3350; baseline -0.001 -18"><span class='ocrx_word' id='word_1_395' title='bbox 129 3285 166 3333; x_wconf 85' lang='lat' dir='ltr'><em>lus</em></span> <span class='ocrx_word' id='word_1_396' title='bbox 181 3294 281 3336; x_wconf 86' lang='lat' dir='ltr'><em>curetur.</em></span> <span class='ocrx_word' id='word_1_397' title='bbox 307 3287 362 3337; x_wconf 84' lang='lat' dir='ltr'><em>Lib.</em></span> <span class='ocrx_word' id='word_1_398' title='bbox 377 3291 399 3348; x_wconf 80' lang='lat' dir='ltr'><em>t,</em></span> <span class='ocrx_word' id='word_1_399' title='bbox 413 3293 445 3338; x_wconf 88' lang='grc'><em>53</em></span> <span class='ocrx_word' id='word_1_400' title='bbox 459 3287 511 3350; x_wconf 83' lang='grc'>[54,</span> <span class='ocrx_word' id='word_1_401' title='bbox 526 3287 599 3349; x_wconf 72' lang='grc' dir='ltr'>188]ε</span> <span class='ocrx_word' id='word_1_402' title='bbox 619 3285 644 3337; x_wconf 79' lang='lat'><em>0.</em></span> <span class='ocrx_word' id='word_1_403' title='bbox 662 3287 740 3336; x_wconf 84' lang='lat' dir='ltr'><em>Iulius</em></span> <span class='ocrx_word' id='word_1_404' title='bbox 755 3284 866 3346; x_wconf 86' lang='lat' dir='ltr'><em>medicus,</em></span> <span class='ocrx_word' id='word_1_405' title='bbox 882 3283 937 3333; x_wconf 88' lang='lat' dir='ltr'><em>dum</em></span> <span class='ocrx_word' id='word_1_406' title='bbox 954 3284 1053 3348; x_wconf 72' lang='lat' dir='ltr'><em>inunph,</em></span> <span class='ocrx_word' id='word_1_407' title='bbox 1069 3281 1189 3347; x_wconf 86' lang='lat' dir='ltr'><em>specillum</em></span> <span class='ocrx_word' id='word_1_408' title='bbox 1204 3300 1249 3347; x_wconf 90' lang='lat' dir='ltr'><em>per</em></span> 
     </span>
     <span class='ocr_line' id='line_1_37' title="bbox 129 3356 1248 3434; baseline 0 -19"><span class='ocrx_word' id='word_1_409' title='bbox 129 3369 219 3418; x_wconf 88' lang='lat' dir='ltr'><em>oculum</em></span> <span class='ocrx_word' id='word_1_410' title='bbox 236 3369 337 3419; x_wconf 59' lang='lat' dir='ltr'><em>namne.</em></span> <span class='ocrx_word' id='word_1_411' title='bbox 361 3373 417 3422; x_wconf 87' lang='lat' dir='ltr'><em>Lib.</em></span> <span class='ocrx_word' id='word_1_412' title='bbox 431 3376 499 3431; x_wconf 61' lang='lat'><em>³27</em></span> <span class='ocrx_word' id='word_1_413' title='bbox 519 3370 572 3434; x_wconf 67' lang='lat'><em>[24²</em></span> <span class='ocrx_word' id='word_1_414' title='bbox 586 3371 643 3434; x_wconf 83' lang='grc'>75];</span> <span class='ocrx_word' id='word_1_415' title='bbox 667 3371 746 3422; x_wconf 88' lang='lat' dir='ltr'><em>Huius</em></span> <span class='ocrx_word' id='word_1_416' title='bbox 762 3370 868 3434; x_wconf 86' lang='lat' dir='ltr'><em>corporis</em></span> <span class='ocrx_word' id='word_1_417' title='bbox 883 3356 999 3418; x_wconf 77' lang='lat' dir='ltr'><em>humorem</em></span> <span class='ocrx_word' id='word_1_418' title='bbox 1017 3369 1121 3433; x_wconf 84' lang='lat' dir='ltr'><em>specillis</em></span> <span class='ocrx_word' id='word_1_419' title='bbox 1138 3368 1248 3418; x_wconf 89' lang='lat' dir='ltr'><em>derasum</em></span> 
     </span>
     <span class='ocr_line' id='line_1_38' title="bbox 129 3442 1249 3520; baseline 0.001 -20"><span class='ocrx_word' id='word_1_420' title='bbox 129 3451 262 3501; x_wconf 87' lang='lat' dir='ltr'><em>claritatem</em></span> <span class='ocrx_word' id='word_1_421' title='bbox 274 3453 346 3502; x_wconf 85' lang='lat' dir='ltr'><em>oculis</em></span> <span class='ocrx_word' id='word_1_422' title='bbox 357 3455 457 3504; x_wconf 85' lang='lat' dir='ltr'><em>inunctis</em></span> <span class='ocrx_word' id='word_1_423' title='bbox 474 3463 575 3504; x_wconf 72' lang='lat' dir='ltr'><em>nunant</em></span> <span class='ocrx_word' id='word_1_424' title='bbox 591 3442 687 3520; x_wconf 80' lang='lat' dir='ltr'><em>afferre.</em></span> <span class='ocrx_word' id='word_1_425' title='bbox 711 3457 762 3506; x_wconf 90' lang='lat' dir='ltr'><em>Ubi</em></span> <span class='ocrx_word' id='word_1_426' title='bbox 779 3455 888 3504; x_wconf 88' lang='lat' dir='ltr'><em>restitnit</em></span> <span class='ocrx_word' id='word_1_427' title='bbox 904 3455 1006 3517; x_wconf 77' lang='lat' dir='ltr'><em>sigium.</em></span> <span class='ocrx_word' id='word_1_428' title='bbox 1019 3454 1148 3506; x_wconf 85' lang='lat' dir='ltr'><em>Gelenius.</em></span> <span class='ocrx_word' id='word_1_429' title='bbox 1171 3455 1207 3504; x_wconf 88' lang='lat' dir='ltr'><em>Ut</em></span> <span class='ocrx_word' id='word_1_430' title='bbox 1224 3463 1249 3503; x_wconf 87' lang='lat' dir='ltr'><em>et</em></span> 
     </span>
     <span class='ocr_line' id='line_1_39' title="bbox 129 3537 1182 3596; baseline 0.002 -12"><span class='ocrx_word' id='word_1_431' title='bbox 129 3537 248 3586; x_wconf 90' lang='lat' dir='ltr'><em>hocloco</em></span> <span class='ocrx_word' id='word_1_432' title='bbox 261 3539 402 3588; x_wconf 85' lang='lat' dir='ltr'><em>Pintienus.</em></span> <span class='ocrx_word' id='word_1_433' title='bbox 1178 3587 1182 3596; x_wconf 81' lang='grc'>,</span> 
     </span>
    </p>

    <p class='ocr_par' dir='ltr' id='par_1_8' title="bbox 128 3619 1312 4283">
     <span class='ocr_line' id='line_1_40' title="bbox 163 3619 1248 3686; baseline -0.003 -15"><span class='ocrx_word' id='word_1_434' title='bbox 163 3619 217 3682; x_wconf 86' lang='grc'>[38,</span> <span class='ocrx_word' id='word_1_435' title='bbox 233 3619 293 3682; x_wconf 89' lang='grc'>118]</span> <span class='ocrx_word' id='word_1_436' title='bbox 320 3620 376 3670; x_wconf 58' lang='lat' dir='ltr'><em>(slim</em></span> <span class='ocrx_word' id='word_1_437' title='bbox 392 3622 472 3672; x_wconf 79' lang='lat' dir='ltr'><em>Attico</em></span> <span class='ocrx_word' id='word_1_438' title='bbox 489 3622 555 3672; x_wconf 90' lang='lat' dir='ltr'><em>melle</em></span> <span class='ocrx_word' id='word_1_439' title='bbox 570 3621 629 3670; x_wconf 81' lang='lat' dir='ltr'><em>cinis</em></span> <span class='ocrx_word' id='word_1_440' title='bbox 646 3631 668 3671; x_wconf 92' lang='lat' dir='ltr'><em>et</em></span> <span class='ocrx_word' id='word_1_441' title='bbox 685 3621 759 3686; x_wconf 85' lang='lat' dir='ltr'><em>adeps</em></span> <span class='ocrx_word' id='word_1_442' title='bbox 770 3623 854 3670; x_wconf 85' lang='lat' dir='ltr'><em>soricis</em></span> <span class='ocrx_word' id='word_1_443' title='bbox 865 3621 988 3683; x_wconf 78' lang='lat' dir='ltr'><em>combusti]</em></span> <span class='ocrx_word' id='word_1_444' title='bbox 1013 3623 1088 3672; x_wconf 88' lang='lat' dir='ltr'><em>Voss.</em></span> <span class='ocrx_word' id='word_1_445' title='bbox 1105 3620 1187 3669; x_wconf 83' lang='lat' dir='ltr'><em>soricis</em></span> <span class='ocrx_word' id='word_1_446' title='bbox 1198 3635 1248 3668; x_wconf 90' lang='lat' dir='ltr'><em>cum</em></span> 
     </span>
     <span class='ocr_line' id='line_1_41' title="bbox 128 3702 1248 3770; baseline -0.002 -18"><span class='ocrx_word' id='word_1_447' title='bbox 128 3705 186 3754; x_wconf 86' lang='lat' dir='ltr'><em>stibi</em></span> <span class='ocrx_word' id='word_1_448' title='bbox 206 3705 275 3753; x_wconf 87' lang='lat' dir='ltr'><em>tritus</em></span> <span class='ocrx_word' id='word_1_449' title='bbox 296 3705 427 3754; x_wconf 79' lang='lat' dir='ltr'><em>lacrimosis</em></span> <span class='ocrx_word' id='word_1_450' title='bbox 447 3707 520 3755; x_wconf 88' lang='lat' dir='ltr'><em>oculis</em></span> <span class='ocrx_word' id='word_1_451' title='bbox 536 3707 664 3770; x_wconf 87' lang='lat' dir='ltr'><em>plurimum</em></span> <span class='ocrx_word' id='word_1_452' title='bbox 681 3707 779 3768; x_wconf 84' lang='lat' dir='ltr'><em>confert.</em></span> <span class='ocrx_word' id='word_1_453' title='bbox 809 3708 899 3770; x_wconf 83' lang='lat' dir='ltr'><em>Itaque</em></span> <span class='ocrx_word' id='word_1_454' title='bbox 917 3709 1030 3768; x_wconf 83' lang='lat' dir='ltr'><em>requitur</em></span> <span class='ocrx_word' id='word_1_455' title='bbox 1048 3705 1144 3755; x_wconf 85' lang='lat' dir='ltr'><em>stetim:</em></span> <span class='ocrx_word' id='word_1_456' title='bbox 1172 3702 1248 3754; x_wconf 82' lang='lat' dir='ltr'><em>Stihis</em></span> 
     </span>
     <span class='ocr_line' id='line_1_42' title="bbox 128 3787 1247 3854; baseline 0.001 -18"><span class='ocrx_word' id='word_1_457' title='bbox 128 3788 188 3851; x_wconf 64' lang='lat' dir='ltr'><em>oum</em></span> <span class='ocrx_word' id='word_1_458' title='bbox 197 3788 237 3848; x_wconf 87' lang='lat' dir='ltr'><em>sit,</em></span> <span class='ocrx_word' id='word_1_459' title='bbox 250 3788 352 3838; x_wconf 69' lang='lat' dir='ltr'><em>turnus</em></span> <span class='ocrx_word' id='word_1_460' title='bbox 364 3790 389 3839; x_wconf 85' lang='lat' dir='ltr'><em>in</em></span> <span class='ocrx_word' id='word_1_461' title='bbox 400 3789 509 3840; x_wconf 84' lang='lat' dir='ltr'><em>metallis.</em></span> <span class='ocrx_word' id='word_1_462' title='bbox 528 3792 571 3842; x_wconf 86' lang='lat' dir='ltr'><em>Sic</em></span> <span class='ocrx_word' id='word_1_463' title='bbox 583 3793 650 3840; x_wconf 88' lang='lat' dir='ltr'><em>enim</em></span> <span class='ocrx_word' id='word_1_464' title='bbox 661 3790 808 3854; x_wconf 84' lang='lat' dir='ltr'><em>legendum:</em></span> <span class='ocrx_word' id='word_1_465' title='bbox 826 3807 886 3851; x_wconf 87' lang='lat' dir='ltr'><em>non,</em></span> <span class='ocrx_word' id='word_1_466' title='bbox 904 3789 966 3850; x_wconf 86' lang='lat' dir='ltr'><em>stibi,</em></span> <span class='ocrx_word' id='word_1_467' title='bbox 984 3788 1048 3851; x_wconf 85' lang='lat' dir='ltr'><em>quod</em></span> <span class='ocrx_word' id='word_1_468' title='bbox 1058 3787 1116 3851; x_wconf 80' lang='lat' dir='ltr'><em>quid</em></span> <span class='ocrx_word' id='word_1_469' title='bbox 1125 3788 1170 3837; x_wconf 86' lang='lat' dir='ltr'><em>sit:</em></span> <span class='ocrx_word' id='word_1_470' title='bbox 1187 3803 1247 3845; x_wconf 88' lang='lat' dir='ltr'><em>non,</em></span> 
     </span>
     <span class='ocr_line' id='line_1_43' title="bbox 129 3870 1312 3936; baseline 0.003 -18"><span class='ocrx_word' id='word_1_471' title='bbox 129 3880 152 3918; x_wconf 89' lang='lat' dir='ltr'><em>et</em></span> <span class='ocrx_word' id='word_1_472' title='bbox 166 3873 229 3933; x_wconf 79' lang='lat' dir='ltr'><em>stibi,</em></span> <span class='ocrx_word' id='word_1_473' title='bbox 246 3871 311 3935; x_wconf 82' lang='lat' dir='ltr'><em>quod</em></span> <span class='ocrx_word' id='word_1_474' title='bbox 325 3872 384 3935; x_wconf 87' lang='lat' dir='ltr'><em>quid</em></span> <span class='ocrx_word' id='word_1_475' title='bbox 399 3874 442 3923; x_wconf 86' lang='lat' dir='ltr'><em>sit:</em></span> <span class='ocrx_word' id='word_1_476' title='bbox 463 3876 540 3924; x_wconf 90' lang='lat' dir='ltr'><em>Voss.</em></span> <span class='ocrx_word' id='word_1_477' title='bbox 557 3874 624 3922; x_wconf 84' lang='lat' dir='ltr'><em>stibis</em></span> <span class='ocrx_word' id='word_1_478' title='bbox 642 3872 700 3936; x_wconf 81' lang='lat' dir='ltr'><em>quid</em></span> <span class='ocrx_word' id='word_1_479' title='bbox 716 3885 756 3924; x_wconf 86' lang='lat' dir='ltr'><em>est.</em></span> <span class='ocrx_word' id='word_1_480' title='bbox 778 3875 888 3924; x_wconf 86' lang='lat' dir='ltr'><em>Pintiani</em></span> <span class='ocrx_word' id='word_1_481' title='bbox 905 3887 1013 3935; x_wconf 88' lang='lat' dir='ltr'><em>quoqne,</em></span> <span class='ocrx_word' id='word_1_482' title='bbox 1031 3870 1142 3934; x_wconf 83' lang='lat' dir='ltr'><em>quidest.</em></span> <span class='ocrx_word' id='word_1_483' title='bbox 1165 3871 1249 3935; x_wconf 82' lang='lat' dir='ltr'><em>Supra</em></span> <span class='ocrx_word' id='word_1_484' title='bbox 1263 3879 1312 3923; x_wconf 77' lang='lat'><em>804</em></span> 
     </span>
     <span class='ocr_line' id='line_1_44' title="bbox 131 3952 1249 4019; baseline -0.004 -14"><span class='ocrx_word' id='word_1_485' title='bbox 131 3953 186 4017; x_wconf 86' lang='lat'><strong>[37‚</strong></span> <span class='ocrx_word' id='word_1_486' title='bbox 200 3955 274 4017; x_wconf 82' lang='lat'>115]:</span> <span class='ocrx_word' id='word_1_487' title='bbox 292 3956 383 4005; x_wconf 84' lang='lat' dir='ltr'><em>additis</em></span> <span class='ocrx_word' id='word_1_488' title='bbox 395 3957 485 4006; x_wconf 85' lang='lat' dir='ltr'><em>duabus</em></span> <span class='ocrx_word' id='word_1_489' title='bbox 497 3959 568 4006; x_wconf 82' lang='lat' dir='ltr'><em>scutis</em></span> <span class='ocrx_word' id='word_1_490' title='bbox 580 3957 674 4006; x_wconf 88' lang='lat' dir='ltr'><em>denarii</em></span> <span class='ocrx_word' id='word_1_491' title='bbox 684 3975 696 4006; x_wconf 91' lang='lat' dir='ltr'><em>e</em></span> <span class='ocrx_word' id='word_1_492' title='bbox 707 3959 768 4008; x_wconf 90' lang='lat' dir='ltr'><em>stibi.</em></span> <span class='ocrx_word' id='word_1_493' title='bbox 793 3959 862 4008; x_wconf 74' lang='lat' dir='ltr'><em>Inlue</em></span> <span class='ocrx_word' id='word_1_494' title='bbox 874 3956 927 4018; x_wconf 88' lang='grc'>[38,</span> <span class='ocrx_word' id='word_1_495' title='bbox 942 3954 1002 4017; x_wconf 92' lang='grc'>130]</span> <span class='ocrx_word' id='word_1_496' title='bbox 1017 3971 1063 4019; x_wconf 88' lang='lat' dir='ltr'><em>pro</em></span> <span class='ocrx_word' id='word_1_497' title='bbox 1079 3953 1135 4002; x_wconf 82' lang='lat' dir='ltr'><em>stibi</em></span> <span class='ocrx_word' id='word_1_498' title='bbox 1148 3952 1183 4001; x_wconf 89' lang='lat' dir='ltr'><em>ad</em></span> <span class='ocrx_word' id='word_1_499' title='bbox 1196 3970 1249 4002; x_wconf 86' lang='lat' dir='ltr'><em>sco-</em></span> 
     </span>
     <span class='ocr_line' id='line_1_45' title="bbox 129 4037 1248 4105; baseline 0 -19"><span class='ocrx_word' id='word_1_500' title='bbox 129 4039 222 4089; x_wconf 78' lang='lat' dir='ltr'><em>brim&#39;as.</em></span> <span class='ocrx_word' id='word_1_501' title='bbox 247 4041 289 4091; x_wconf 83' lang='lat' dir='ltr'><em>Sic</em></span> <span class='ocrx_word' id='word_1_502' title='bbox 306 4042 370 4103; x_wconf 63' lang='lat' dir='ltr'><em>MS„</em></span> <span class='ocrx_word' id='word_1_503' title='bbox 385 4058 437 4091; x_wconf 90' lang='lat' dir='ltr'><em>non</em></span> <span class='ocrx_word' id='word_1_504' title='bbox 453 4042 530 4091; x_wconf 87' lang='lat' dir='ltr'><em>stibio.</em></span> <span class='ocrx_word' id='word_1_505' title='bbox 557 4043 613 4092; x_wconf 89' lang='lat' dir='ltr'><em>Lib.</em></span> <span class='ocrx_word' id='word_1_506' title='bbox 631 4048 701 4103; x_wconf 76' lang='lat' dir='ltr'>3³,ss</span> <span class='ocrx_word' id='word_1_507' title='bbox 720 4041 772 4105; x_wconf 87' lang='grc'>[33,</span> <span class='ocrx_word' id='word_1_508' title='bbox 792 4040 863 4103; x_wconf 83' lang='grc'>101];</span> <span class='ocrx_word' id='word_1_509' title='bbox 890 4040 936 4090; x_wconf 86' lang='lat' dir='ltr'><em>alii</em></span> <span class='ocrx_word' id='word_1_510' title='bbox 949 4039 1012 4101; x_wconf 85' lang='lat' dir='ltr'><em>stibi,</em></span> <span class='ocrx_word' id='word_1_511' title='bbox 1032 4037 1079 4088; x_wconf 89' lang='lat' dir='ltr'><em>alii</em></span> <span class='ocrx_word' id='word_1_512' title='bbox 1094 4037 1248 4086; x_wconf 84' lang='lat' dir='ltr'><em>alabastrum.</em></span> 
     </span>
     <span class='ocr_line' id='line_1_46' title="bbox 130 4120 1251 4186; baseline -0.004 -13"><span class='ocrx_word' id='word_1_513' title='bbox 130 4124 173 4173; x_wconf 86' lang='lat' dir='ltr'><em>Sic</em></span> <span class='ocrx_word' id='word_1_514' title='bbox 184 4125 277 4173; x_wconf 86' lang='lat' dir='ltr'><em>iterum</em></span> <span class='ocrx_word' id='word_1_515' title='bbox 289 4127 354 4186; x_wconf 64' lang='lat' dir='ltr'><em>MS„</em></span> <span class='ocrx_word' id='word_1_516' title='bbox 371 4142 424 4175; x_wconf 89' lang='lat' dir='ltr'><em>non</em></span> <span class='ocrx_word' id='word_1_517' title='bbox 436 4126 538 4175; x_wconf 84' lang='lat' dir='ltr'><em>stibium.</em></span> <span class='ocrx_word' id='word_1_518' title='bbox 562 4127 643 4176; x_wconf 82' lang='lat' dir='ltr'><em>Acad.</em></span> <span class='ocrx_word' id='word_1_519' title='bbox 656 4126 715 4174; x_wconf 89' lang='lat' dir='ltr'><em>cinis</em></span> <span class='ocrx_word' id='word_1_520' title='bbox 726 4125 827 4175; x_wconf 59' lang='lat' dir='ltr'><em>holtem</em></span> <span class='ocrx_word' id='word_1_521' title='bbox 842 4125 980 4173; x_wconf 84' lang='lat' dir='ltr'><em>lacrimosis.</em></span> <span class='ocrx_word' id='word_1_522' title='bbox 998 4123 1066 4174; x_wconf 83' lang='lat' dir='ltr'><em>Gnd.</em></span> <span class='ocrx_word' id='word_1_523' title='bbox 1078 4123 1137 4171; x_wconf 75' lang='lat' dir='ltr'><em>mum</em></span> <span class='ocrx_word' id='word_1_524' title='bbox 1148 4120 1251 4184; x_wconf 84' lang='lat' dir='ltr'><em>alipesui</em></span> 
     </span>
     <span class='ocr_line' id='line_1_47' title="bbox 130 4207 1023 4273; baseline 0.001 -19"><span class='ocrx_word' id='word_1_525' title='bbox 130 4207 198 4255; x_wconf 82' lang='lat' dir='ltr'><em>tritus</em></span> <span class='ocrx_word' id='word_1_526' title='bbox 210 4207 268 4258; x_wconf 82' lang='lat' dir='ltr'><em>lucr.</em></span> <span class='ocrx_word' id='word_1_527' title='bbox 286 4211 389 4272; x_wconf 82' lang='lat' dir='ltr'><em>Andeg.</em></span> <span class='ocrx_word' id='word_1_528' title='bbox 401 4210 461 4258; x_wconf 85' lang='lat' dir='ltr'><em>cinis</em></span> <span class='ocrx_word' id='word_1_529' title='bbox 471 4209 655 4283; x_wconf 69' lang='lat' dir='ltr'><em>alipedi-tritus.</em></span> <span class='ocrx_word' id='word_1_530' title='bbox 673 4212 741 4259; x_wconf 91' lang='lat' dir='ltr'><em>Men.</em></span> <span class='ocrx_word' id='word_1_531' title='bbox 754 4209 812 4258; x_wconf 66' lang='lat' dir='ltr'><em>eiam</em></span> <span class='ocrx_word' id='word_1_532' title='bbox 823 4207 934 4271; x_wconf 86' lang='lat' dir='ltr'><em>ollipesin</em></span> <span class='ocrx_word' id='word_1_533' title='bbox 948 4207 1023 4255; x_wconf 85' lang='lat' dir='ltr'><em>tritus.</em></span> 
     </span>
    </p>
   </div>
   <div class='ocr_carea' id='block_1_3' title="bbox 0 0 1389 4734">
    <p class='ocr_par' dir='ltr' id='par_1_9' title="bbox 0 0 1389 4734">
     <span class='ocr_line' id='line_1_48' title="bbox 0 0 1389 4734; baseline 0 0"><span class='ocrx_word' id='word_1_534' title='bbox 0 0 1389 4734; x_wconf 95' lang='lat' dir='ltr'><em> </em></span> 
     </span>
    </p>
   </div>
  </div>
 </body>
</html>
