2760 4734
448 295 553 337 noenu
568 294 612 334 eu
626 293 709 334 uren.
724 293 817 333 xxix.
833 291 913 332 xxx.
1204 271 1242 332 61

125 447 273 509 legendum:
291 443 421 507 palamque
429 441 464 504 fit
475 442 500 491 in
513 450 601 505 tempus
612 439 639 490 id
649 440 715 490 licita
725 441 791 490 sacri
798 439 932 505 prodiqiosi
941 437 1073 488 celebratio.
1096 440 1185 504 Neque
1196 441 1246 490 fert

126 531 205 590 snus,
224 531 292 592 quod
310 529 433 589 sequitur:
458 524 555 576 Gallias
570 524 650 588 utique
665 524 778 588 possedit.
800 539 892 589 nempe
907 525 948 574 vel
959 539 1058 574 sectum
1070 525 1244 588 prodigiosum

126 615 169 662 vel
182 612 320 661 celebratio
332 612 398 662 sacri
409 609 555 673 prodigiosi.

164 696 228 745 One.
240 695 275 744 Π.
295 693 330 756 [6,
346 692 388 754 16]
412 692 469 742 Non
481 690 577 754 obsequi
587 690 692 752 numina,
709 699 734 740 ut
751 691 816 740 cerni
830 706 875 738 non
889 691 988 754 possint.
1010 690 1082 740 Forte
1097 689 1139 739 lsoc
1155 692 1179 739 in
1191 690 1244 753 illo]

128 780 232 840 Quanto
248 777 389 841 expeditius
405 777 558 825 Vossianus:
580 772 653 822 ueluti
668 773 800 837 lentiqinem
817 773 955 822 habentibus
975 790 1020 822 non
1037 774 1134 836 absequi
1150 775 1246 823 numina

127 869 174 910 aut
190 860 260 909 cerni.
288 860 368 910 Obstet
376 859 445 922 sorte
463 857 505 907 boc
522 857 546 906 in
564 855 611 905 illo.
638 858 698 906 Duo
715 857 757 907 elii
775 865 802 907 et
819 856 886 907 Gud.
904 859 1054 907 confirment
1071 859 1200 917 hactenns,
1219 868 1246 907 ιιι

127 944 274 1008 praeferant
294 951 337 991 aut
353 941 424 991 cerni.
450 943 525 991 Iuvat
544 942 571 989 in
591 947 664 1003 perte
678 941 791 1020 Pintinui
807 943 900 990 codex:
926 942 970 990 sed
991 942 1096 990 nimium
1113 951 1150 991 est
1171 941 1245 991 illud:
1261 958 1309 1001 305

128 1027 195 1077 Num
208 1026 295 1074 obstitit
307 1025 422 1088 locsorte
435 1025 459 1072 in
472 1023 530 1072 illos

166 1109 228 1171 [In]
255 1109 320 1159 Nom
337 1109 450 1157 bominem
466 1106 587 1156 immolare
602 1105 672 1154 etiam
688 1104 871 1169 qnotissimum}
884 1108 959 1157 Voss.
975 1117 1003 1157 ut
1021 1107 1120 1158 Ohiflet.
1137 1107 1246 1159 domines.

128 1194 258 1244 Particuln
270 1209 324 1241 nom
336 1192 441 1241 offendit
452 1205 504 1240 nou
516 1191 581 1241 ulios
592 1192 678 1250 modo,
696 1190 739 1257 sed
752 1189 828 1238 etiam
839 1191 992 1240 Pintieuum.
1014 1192 1119 1250 Iniuria,
1132 1200 1169 1242 est
1180 1194 1248 1242 enim

129 1281 185 1327 eius
197 1294 265 1337 usus,
279 1277 381 1340 qunlem
392 1275 536 1324 notavimus
549 1275 581 1322 ed
589 1273 690 1322 Livium
701 1273 746 1321 lib.
756 1278 797 1333 29,
807 1277 822 1321 8
833 1271 882 1334 [9].
899 1274 989 1338 Neque
1002 1273 1075 1324 aliter
1085 1277 1140 1338 ipse
1149 1277 1248 1326 Plinius

129 1363 182 1409 hoc
194 1361 260 1409 libro
272 1375 327 1421 cap.
343 1364 371 1407 11
387 1356 440 1418 [29,
453 1354 511 1418 95];
529 1354 596 1405 Nom
607 1354 681 1403 muris
691 1355 809 1404 corebum
821 1354 880 1404 dare
892 1356 962 1420 potui
972 1373 1001 1404 en
1012 1373 1085 1419 aqua,
1097 1365 1140 1406 aut
1150 1359 1247 1406 cinerem

129 1442 256 1502 mustelae,
277 1440 400 1489 ueletiam
417 1441 560 1488 inueteratae
580 1436 685 1487 winnoci
702 1453 798 1499 carnes,
818 1439 870 1501 quie
887 1439 964 1503 possit
975 1440 1084 1504 furenti,
1106 1441 1200 1489 etiamsi
1217 1442 1249 1489 eit

121 1527 193 1590 sorte
205 1524 339 1573 medicina?

167 1610 231 1660 Cur.
244 1609 293 1656 ΠΙ.
311 1605 347 1668 [8,
361 1604 405 1667 29]
429 1603 554 1668 Infueique
570 1603 692 1653 auriceslne
707 1604 773 1654 cuius
785 1621 797 1654 e
805 1613 877 1669 parte
888 1604 994 1669 doleant]
1019 1609 1113 1660 Omnes
1125 1612 1248 1674 quinque:

131 1693 197 1740 cuius
209 1710 225 1740 a
234 1698 313 1754 parte.
336 1690 373 1739 Ut
383 1689 490 1738 Plauto:
508 1686 533 1736 A
545 1688 624 1736 morbo
635 1686 708 1748 ualui,
720 1689 751 1737 ab
762 1690 840 1738 animo
852 1691 977 1754 ocqersui.
999 1691 1094 1742 Contra
1105 1693 1148 1741 lib.
1162 1700 1202 1753 22,
1217 1699 1248 1742 22

134 1774 187 1837 [92
201 1773 257 1836 70]:
274 1770 415 1837 Insunditur
425 1786 442 1819 a
454 1770 575 1819 contrusio
587 1786 645 1820 oure
657 1769 682 1819 in
694 1769 774 1819 dolore
785 1769 895 1822 dentium.

169 1860 233 1909 cie.
246 1858 293 1906 IV.
313 1855 366 1917 [12,
380 1852 425 1916 35]
450 1838 566 1904 Surculus
577 1853 634 1902 uites
645 1852 804 1917 adalliqatus]
828 1855 950 1906 Vossieni
962 1858 1049 1906 umbo:
1069 1858 1153 1909 viticis.
1167 1875 1220 1924 cap.
1234 1867 1248 1910 6

97 1934 100 1938 “
135 1941 190 2003 [16,
204 1939 260 2002 50]:
277 1938 357 2003 pulmo
368 1937 502 1987 vulturinus
513 1936 631 2000 uitiqineis
643 1935 715 2000 liquis
726 1939 862 1988 combustus.

169 2025 233 2074 crs.
246 2025 279 2073 V.
298 2022 350 2084 [13,
363 2019 408 2083 41]
430 2019 470 2071 Ne
481 2019 529 2068 sint
540 2018 618 2068 molae
630 2017 746 2086 lsirsutoe]
769 2020 840 2082 Aloe,
857 2031 886 2072 ut
901 2032 976 2085 puto:
994 2025 1029 2072 sic
1042 2025 1109 2073 enim
1121 2032 1172 2074 tres
1183 2025 1250 2074 Vos-

134 2110 198 2158 sieui
215 2109 404 2168 Gudianusque,
425 2113 452 2154 et
470 2105 505 2154 ibi
525 2103 667 2153 stabulentur
688 2119 759 2154 sacer
780 2105 872 2155 hircus.
899 2107 1068 2156 Academicus
1089 2118 1114 2157 et
1130 2109 1249 2167 Pintisni,

135 2191 212 2240 balae.
230 2191 287 2241 Lib.
299 2196 341 2250 nl,
356 2196 387 2239 10
400 2186 453 2250 [tu
468 2185 540 2248 122]ι
559 2185 652 2235 alarum
664 2186 730 2235 virus
741 2203 771 2235 en·
781 2204 847 2251 aqua
858 2188 995 2250 quotidiano
998 2190 1064 2253 fotu.

148 2267 152 2276 ¹
171 2272 232 2335 [lb]
251 2272 277 2321 E
288 2270 399 2321 testiculis
410 2287 523 2338 aquomm
535 2269 578 2333 qui
588 2267 735 2332 castrantur]
754 2272 830 2321 Vose.
843 2286 893 2320 cum
905 2279 1048 2322 coemuntur.

170 2357 233 2406 One.
246 2357 294 2406 VL
305 2355 358 2419 [ln
369 2353 415 2416 ts]
427 2348 623 2403 laudatissimae
635 2361 712 2402 autem
724 2362 779 2402 sunt
787 2353 932 2418 Africanae,
947 2361 977 2403 ed
985 2355 1021 2404 lois
1031 2355 1166 2407 Solitanae:
1178 2360 1251 2424 Asty-

132 2438 256 2502 palaeicae
274 2448 295 2487 et
312 2437 419 2500 Siculae]
444 2439 575 2498 Quosdam
591 2437 644 2485 euin
660 2436 770 2487 Olitanae
786 2439 924 2488 autetiam
940 2438 1065 2490 Solitanae
1080 2442 1163 2505 legere
1179 2453 1251 2493 notet

135 2523 297 2572 Hermolaum
313 2525 355 2572 Ex
364 2521 464 2572 chisen·
476 2534 578 2585 quoque
590 2529 616 2570 et
624 2522 683 2570 Vet.
695 2529 796 2571 notent:
809 2522 862 2570 euin
872 2521 1004 2584 Solitanae,
1015 2523 1100 2589 Astyp.
1113 2533 1135 2574 et
1146 2524 1249 2576 Siculae.

135 2608 212 2656 Voss.
218 2604 380 2654 eninoIitanae
387 2603 563 2669 astypalaeicae
572 2612 622 2652 etnc
627 2602 730 2654 Siculae.
741 2604 837 2656 Scribe:
844 2605 1049 2658 abislolitanae:
1058 2608 1250 2674 Astypalaeicae,

134 2688 257 2737 Aetnaeae
273 2687 369 2739 Siculae
384 2686 495 2737 modicae.
517 2690 554 2738 Ut
568 2703 620 2736 uon
635 2696 735 2737 tantum
751 2688 884 2740 Africanus
901 2693 968 2752 dicit,
986 2695 1029 2742 sed
1042 2694 1118 2742 etiam
1129 2695 1250 2744 Iolitnnes

136 2775 162 2822 iu
174 2773 274 2822 Africa:
297 2774 334 2822 sic
349 2786 401 2820 nou
414 2775 491 2822 modo
504 2771 611 2833 Siculus,
627 2774 672 2822 sed
689 2773 762 2822 etiem
775 2775 912 2825 Aetnaeos.
934 2776 1002 2826 Note
1016 2766 1078 2825 'lu'sl
1090 2771 1249 2842 Καισάρεια.

135 2858 205 2906 Mela
220 2857 262 2905 lib.
277 2853 397 2917 1,6[1]:
414 2853 454 2903 Iol
463 2848 498 2903 ad
509 2871 581 2916 mare,
598 2854 727 2919 aliquando
744 2856 860 2921 iqnobilis,
879 2875 946 2920 nunc,
958 2859 1015 2922 quio
1026 2859 1102 2908 Iubae
1113 2862 1180 2924 reqia
1189 2862 1249 2923 suit,

136 2948 158 2987 et
175 2938 237 3002 quod
255 2937 373 2988 Caesarea
390 2945 493 3000 vocatur,
509 2937 616 2988 illustris.
640 2939 682 2990 Sic
693 2941 772 3001 igitur
784 2948 809 2989 et
820 2943 956 3003 legendnm
971 2943 1015 2990 lib.
1029 2947 1052 3002 9,
1066 2948 1097 2992 56
1112 2940 1164 3004 [92,
1180 2942 1250 3004 17³]:

135 3023 279 3087 Africanae,
295 3023 379 3085 quibus
388 3021 541 3087 foecunditas
546 3043 555 3083 ,·
572 3020 699 3082 Iolitsnae,
715 3023 798 3084 quibus
809 3023 926 3072 nobilitas.
944 3025 981 3074 Ut
992 3033 1018 3072 st
1029 3026 1096 3086 apud
1109 3027 1250 3074 Vononem

136 3110 168 3156 de
185 3121 212 3155 re
229 3112 373 3165 rust.8,14
391 3104 432 3168 [4,
450 3107 493 3155 ubi
512 3115 597 3154 tamen
614 3105 760 3155 Schneider.
778 3105 902 3156 Gronovii
918 3116 971 3156 tum
988 3109 1121 3158 immemor
1136 3110 1162 3158 iu
1179 3119 1251 3159 textu

138 3191 240 3239 retinuit
257 3187 397 3250 solitonoe]:
419 3205 449 3237 ex
463 3189 560 3251 Africo,
578 3204 639 3250 quoe
655 3196 768 3236 vocantur
778 3187 904 3238 Iolitanue.
926 3191 974 3239 Ubi
992 3189 1123 3238 solitannae
1138 3194 1250 3242 reddide-

136 3284 202 3322 runt.
221 3273 287 3323 Gud.
300 3289 329 3322 cn
340 3272 377 3320 lis
388 3271 493 3321 olitanae
504 3288 581 3321 mauu
594 3273 686 3334 primo:
705 3279 733 3320 ut
745 3281 770 3322 et
781 3273 857 3322 Voss.
871 3274 922 3321 duo
935 3274 985 3322 elii.

172 3355 235 3417 [Iu]
262 3356 315 3406 Nec
331 3373 377 3404 non
393 3355 510 3405 silvestres
527 3355 645 3404 stomaclso
663 3355 769 3416 inutiles,
790 3354 868 3404 aluum
885 3355 988 3418 solvunt]
1017 3358 1159 3409 Observnut
1175 3363 1201 3410 in
1218 3364 1251 3411 V.

138 3443 224 3489 deesse
240 3436 272 3488 τὰ
290 3456 332 3488 nec
347 3456 404 3500 non,
427 3441 453 3489 iu
466 3441 567 3490 Chiflet.
584 3449 668 3488 nutem
681 3455 735 3490 esse
746 3438 827 3501 utiles,
844 3442 913 3504 quod
924 3440 1051 3492 affirmant
1063 3459 1152 3494 omues
1165 3448 1250 3496 nostri.

138 3525 239 3587 Optime
252 3525 419 3588 Praecipuus:
442 3539 483 3572 nec
498 3522 615 3571 silvestres
630 3522 749 3572 stomacho
765 3522 840 3584 utiles,
855 3523 933 3572 alvum
949 3524 1046 3574 solvunt.
1070 3528 1134 3577 Nem
1150 3525 1181 3575 τὸ
1200 3529 1253 3578 Nec

138 3608 322 3655 dissolvendum
340 3609 365 3656 in
382 3606 418 3654 Et
433 3624 489 3656 non:
512 3609 583 3671 quusi
600 3615 676 3656 esest:
698 3615 721 3654 et
735 3605 864 3667 siluestres,
886 3623 930 3655 non
946 3607 1014 3655 utiles
1028 3609 1156 3670 stomacho,
1173 3610 1252 3659 alvum

137 3688 233 3737 solvunt.

172 3770 235 3833 [In]
257 3771 449 3834 Efficact'ssimoe
466 3783 543 3824 tamen
561 3776 584 3823 in
601 3774 679 3823 dolore
696 3774 817 3824 stomaclu'.
840 3775 1001 3825 Laudationes
1018 3776 1154 3840 traduntur]
1177 3780 1251 3830 Voss.

137 3855 313 3915 efficacissimae
329 3858 352 3906 ei
366 3858 391 3907 in
408 3857 487 3907 dolore
503 3858 618 3907 stomaclsi
630 3857 755 3922 plaudatis
774 3858 906 3909 traduntur.
930 3863 1019 3911 Forte:
1043 3862 1158 3910 tamenin
1174 3861 1253 3912 dolore

137 3937 253 3986 stomachi
255 3939 356 4002 fluentis
370 3940 500 3990 traduntur.
519 3944 615 3993 Pessim
628 3944 730 3992 memini
741 3942 882 4005 fluctionum
894 3945 1026 3994 stomachi.

173 4019 226 4082 [16‚
237 4022 281 4085 49]
300 4023 348 4072 Est
359 4025 450 4074 animal
462 4024 564 4074 locustae
574 4025 651 4074 simile
662 4027 712 4075 sine
721 4025 816 4090 pennis]
836 4028 931 4079 Omnes
943 4031 1065 4092 quinque:
1076 4027 1149 4078 Esse:
1162 4032 1252 4080 deinde

137 4105 257 4155 Vossiuni
270 4111 329 4168 duo,
348 4116 451 4169 cocetum
469 4119 496 4158 et
512 4125 556 4156 non
568 4109 654 4158 lubeat
665 4109 742 4173 aliqui
751 4111 905 4172 arbitrantur,
921 4123 950 4162 nt
961 4122 986 4163 et
998 4112 1129 4164 Gudianus
1141 4128 1172 4162 nc
1183 4116 1251 4163 Men.

136 4188 218 4238 Acsd.
236 4206 281 4238 non
297 4190 383 4240 leobeot
398 4191 476 4255 aliqui
486 4207 540 4240 vero
551 4194 707 4242 arbitrantur:
725 4195 833 4258 denique
846 4197 921 4246 Voss.
938 4207 967 4246 ut
979 4205 1004 4246 et
1015 4198 1126 4247 Pintiani
1139 4206 1164 4246 et
1177 4196 1253 4248 Chifl.

1367 4366 1372 4373 ι
