2760 4734
478 268 583 336 ubres
598 294 642 335 sn
656 295 740 336 cren.
755 295 874 336 xxxm.
1192 273 1233 336 73

115 445 199 495 omnis
208 445 301 509 partim
310 459 343 493 ex
353 444 456 506 optimis
467 446 548 504 codd,
557 445 649 507 purtim
661 459 694 494 ex
706 445 854 493 coniectura
862 446 898 493 ite
907 444 1097 508 concipiendus:
1113 443 1173 500 Quis
1183 444 1234 507 pri-

113 545 165 578 mus
176 527 277 577 donatus
288 527 320 576 sit
330 543 367 587 ea,
379 542 424 575 non
437 527 521 576 inveni.
545 525 671 588 Equidem,
689 526 731 589 qui
742 525 837 589 primus
853 524 982 587 donaverit,
998 542 1015 574 a
1026 527 1115 576 Pisone
1132 526 1234 576 traditur

111 613 146 662 A.
158 611 295 662 Postumius
306 609 408 659 dictator
424 608 491 673 apud
506 609 582 658 laeum
594 609 722 674 Repillum,
741 609 828 659 castris
840 608 982 658 Latinorum
999 610 1154 674 erpupnatis:
1169 612 1235 660 ouius

112 697 216 746 maxime
227 711 300 759 opera
311 702 384 757 capta
395 701 478 754 essent,
490 692 544 742 buia
556 708 665 741 coronam
677 709 707 741 ea
716 692 812 756 praeda
823 693 844 742 is
856 691 927 742 dedit.
946 692 1005 741 Item
1014 693 1046 743 L.
1056 694 1172 744 Lentulus
1181 693 1234 746 Ser.

115 777 223 829 Cornelio
231 775 362 828 Merendae
371 775 513 827 Samnitium
525 775 612 840 oppido
623 786 700 841 capto.
715 775 766 827 Sed
776 776 830 825 baie
841 776 942 840 quinque
955 775 1078 827 librarum.
1090 778 1149 827 Piso
1158 778 1237 842 Frupi

105 864 190 928 filium
202 879 232 912 eu
240 861 341 926 privata
349 860 452 924 pecunia
464 859 569 921 donavit,
583 877 680 924 eamque
691 877 801 910 caenam
814 869 949 910 testamento
965 861 989 909 ei
1000 861 1158 925 praeleyaait.
1180 863 1234 912 Pro

112 963 145 999 eo
157 949 226 1010 quod
236 946 314 1008 vulgo
327 953 374 1005 eet,
387 942 438 994 Sed
448 944 502 1007 quis
510 944 622 1008 primun,
640 946 710 994 Men.
728 954 753 995 et
764 946 831 996 Gud.
849 953 872 993 et
888 943 952 1008 quod
962 945 1015 1008 quis
1023 945 1136 1008 primum,
1151 947 1234 997 Acad.

111 1040 136 1080 et
146 1047 204 1094 quos
215 1028 279 1093 quod
288 1030 311 1078 ei
322 1028 376 1092 quis
384 1028 488 1092 primurn
500 1027 564 1091 quod
574 1029 627 1091 ques
635 1029 747 1092 primum,
759 1031 795 1079 ita
804 1031 952 1093 utquisque
962 1031 1162 1079 vocesinductas
1173 1029 1235 1079 velit

111 1129 159 1179 pro
175 1114 252 1163 nullis
272 1113 371 1162 heberi:
388 1113 506 1175 optimus,
525 1114 820 1176 nt,rcpreescntavimue.
852 1113 924 1163 Idem
941 1114 1074 1178 pepulerat
1090 1109 1121 1162 rb
1138 1112 1162 1161 ei
1175 1122 1234 1164 ante

112 1199 188 1259 cuius,
201 1205 227 1247 et
236 1212 317 1261 paene
329 1205 358 1246 ut
369 1196 492 1245 Pintiani:
505 1194 567 1244 banc
578 1212 687 1244 caenam
700 1212 729 1244 ea
737 1194 833 1260 praeda
844 1196 881 1245 bis
893 1195 965 1246 dedit.
990 1198 1133 1248 Samnitum
1146 1199 1234 1262 oppidi

113 1283 205 1334 Oaudii
217 1295 312 1330 nomen
325 1280 449 1330 excidisse
461 1282 603 1342 suspicatur
614 1281 734 1342 Pighius:
752 1282 822 1342 quod
839 1296 928 1344 posses
944 1295 1065 1344 reponere
1076 1295 1123 1344 pro
1134 1281 1181 1330 illo
1192 1280 1235 1330 sed

111 1365 177 1415 huie:
196 1366 266 1428 qnod
281 1379 335 1413 non
352 1371 445 1413 temere
462 1365 498 1413 sic
514 1372 619 1428 apparet
633 1365 661 1413 in
678 1364 779 1414 chiflec
796 1373 822 1413 et
834 1364 911 1414 Voss.
928 1372 997 1427 capto
1013 1362 1056 1412 sed
1067 1363 1121 1413 Ιιιιίο
1131 1364 1234 1428 quinque

111 1449 228 1498 librarum
239 1447 305 1498 Piso.
323 1448 398 1498 Unde
411 1448 530 1497 discimus
542 1457 609 1497 certe
620 1447 773 1497 vocabulum
785 1463 873 1496 corona
888 1450 958 1497 mele
974 1448 1017 1497 bis.
1024 1449 1107 1498 verbis
1119 1449 1233 1511 interpo-

111 1536 196 1594 situm,
210 1534 277 1595 quod
290 1539 316 1581 et
325 1532 427 1592 ingrata
439 1532 493 1580 eius
505 1531 619 1594 repetitio
632 1532 659 1579 in
668 1538 739 1580 tanta
747 1532 876 1582 vicinitate
887 1539 913 1581 et
922 1533 1028 1582 historia
1037 1533 1129 1594 arguit.
1148 1531 1233 1592 Quam

110 1617 172 1667 licet
188 1631 221 1665 ex
237 1615 343 1664 Valerio
359 1616 477 1665 Maximo
492 1616 536 1665 lib.
550 1621 574 1676 t,
587 1622 602 1665 3
616 1612 673 1677 [10]
692 1631 872 1678 recognosces:
892 1613 979 1663 Consul
991 1616 1065 1679 pravi
1072 1614 1232 1679 supitioprnm

111 1699 171 1749 belia
182 1715 199 1748 a
210 1716 235 1748 se
247 1697 348 1748 liberata
360 1697 447 1748 Sicilia
458 1715 503 1759 eos,
516 1715 613 1762 quorum
622 1699 757 1762 praecipua
768 1714 842 1762 opera
853 1715 908 1748 usus
912 1700 1008 1763 fuerat,
1021 1698 1172 1762 imperatorio
1184 1715 1232 1748 rno-

110 1799 139 1832 re
150 1782 218 1831 donis
226 1783 417 1846 prosequebatur.
441 1780 508 1831 Inter
524 1799 581 1844 quos
590 1782 672 1843 filium
689 1799 756 1832 suum
769 1783 826 1832 locis
837 1782 929 1846 aliquot
942 1782 1087 1845 praeliatum
1101 1783 1232 1842 fortissime

112 1865 179 1915 titulo
192 1866 261 1914 trium
274 1865 388 1915 librarum
399 1881 488 1913 aureae
499 1881 599 1913 coronae
611 1864 743 1926 decorauit,
753 1866 881 1928 praefatus
889 1881 935 1913 non
945 1872 1051 1928 oportere
1061 1880 1079 1912 a
1090 1865 1232 1928 mapistratn

111 1967 124 1998 e
134 1949 228 2013 publiea
235 1950 338 2013 pecunia
345 1949 447 2012 creperi,
460 1946 523 2010 quod
531 1948 554 1995 in
564 1947 641 2010 ipsius
649 1947 741 1996 domum
753 1946 881 1996 rediturum
891 1955 962 1998 esset.-
974 1956 1109 2010 tantumque
1117 1948 1232 2012 ponderis

110 2049 136 2081 se
149 2041 284 2082 testamento
295 2030 438 2080 adolescenti
449 2029 579 2095 legaturum
589 2030 710 2093 praemisit,
729 2037 755 2078 ut
770 2029 878 2078 bonorem
886 2029 980 2094 publice
992 2045 1009 2078 a
1020 2029 1085 2093 duce,
1100 2031 1201 2094 pretium
1214 2048 1231 2081 a

107 2124 180 2180 patre
187 2115 303 2180 priuatim
320 2115 445 2179 acciperet.
469 2114 600 2176 Numquid
611 2127 685 2175 ergo:
704 2113 754 2176 Spe
769 2113 827 2161 anri
841 2113 941 2176 quinque
954 2113 1067 2163 librarum
1079 2115 1140 2164 Piso
1152 2116 1233 2178 diupi

102 2199 205 2262 filium?

145 2281 396 2345 cir.111.[1s,se]
417 2280 488 2331 Cuius
504 2280 599 2330 sceleris
615 2297 657 2330 nos
674 2282 822 2345 coarpnimus
839 2279 905 2328 iilum
916 2281 1018 2343 primum
1031 2281 1083 2344 qur]
1101 2284 1178 2333 Voss.
1195 2283 1231 2332 Et

109 2384 153 2417 nos
163 2367 257 2417 sceleris
274 2368 396 2431 arquimus
411 2364 484 2425 illum,
501 2365 543 2427 qni
556 2367 648 2429 primus
665 2363 877 2428 aurotdipnitatem
891 2379 936 2427 per
952 2363 1051 2412 annulos
1059 2365 1130 2425 serit.
1153 2367 1189 2416 Ut
1205 2376 1230 2416 et

108 2453 251 2512 Pintianus,
269 2451 340 2500 cuius
352 2451 427 2500 etium
444 2447 485 2497 Ita
497 2446 607 2508 hercules,
620 2445 680 2496 idem
693 2448 752 2496 enim
765 2455 789 2496 tu
800 2447 886 2506 Brute,
898 2448 974 2512 plane
985 2450 1128 2500 Vossianus
1139 2452 1229 2499 confir-

107 2543 171 2583 met.
190 2534 321 2582 Particuls
332 2534 397 2581 utin
409 2532 552 2593 Virgilieuo
567 2530 645 2592 [Aen.
661 2538 700 2592 lo,
713 2529 788 2592 468]:

313 2614 349 2662 Et
360 2612 493 2663 dubitamus
505 2613 583 2662 adbuc
594 2615 700 2663 uirtutem
713 2613 837 2662 scandere
845 2615 943 2678 factis?
1244 2619 1292 2663 815

144 2699 198 2762 [12,
211 2696 256 2760 tl]
275 2697 398 2749 Salutaris
409 2707 505 2747 erortns
524 2698 668 2762 Vespasiani
679 2696 814 2762 Principes]
832 2701 927 2749 Parum
939 2701 1052 2762 interest,
1064 2701 1108 2750 sed
1121 2711 1230 2763 quatuor

107 2785 197 2843 nostri,
217 2781 361 2846 Vespasiani
372 2783 527 2845 imperatoris.

144 2865 196 2928 [ls‚
214 2864 259 2929 42]
276 2865 392 2928 Lar-atis,
408 2864 469 2915 unde
485 2867 556 2915 etiam
574 2883 635 2915 nnnc
652 2866 734 2916 libella
751 2867 839 2917 dicitur
855 2876 878 2917 et
895 2865 1035 2930 dupondius,
1052 2866 1230 2930 appendebatur

108 2948 181 3013 assis]
200 2951 241 3000 Ita
257 2951 321 3000 haec
335 2952 546 3014 interpungenda,
566 2966 599 2999 ne
616 2953 758 3014 dupondios
774 2964 843 3001 asses
859 2953 930 3008 inde,
946 2958 975 2998 ut
996 2952 1098 3014 quidem
1114 2950 1228 3009 fecerint,

108 3036 303 3095 constituamus,
324 3035 416 3094 idest,
434 3033 547 3092 bilibres,
565 3043 653 3082 monet
671 3034 809 3083 Salmasius
826 3033 857 3081 de
873 3033 956 3081 usuris
971 3048 996 3095 p.
1010 3035 1067 3081 571.
1090 3030 1142 3081 Sed
1162 3016 1229 3082 unde

108 3120 171 3168 haec
188 3106 323 3168 insolentia
336 3117 430 3176 Plinio,
448 3122 477 3164 ut
492 3115 555 3162 assis
570 3115 642 3164 malit
657 3117 684 3163 in
699 3112 855 3163 nominativo
873 3129 949 3176 quam
967 3129 995 3161 as
1012 3115 1109 3177 dicere?
1128 3115 1229 3165 Scribe:

107 3200 220 3251 Librales
237 3199 309 3261 (unde
325 3199 456 3248 etiamnunc
474 3197 554 3246 libella
571 3196 658 3245 dicitur
675 3205 698 3245 et
714 3195 850 3260 dipondius)
870 3196 1066 3258 appendebantur
1086 3212 1158 3247 asses.
1187 3198 1229 3248 Sic

108 3287 172 3336 infra
186 3284 238 3348 [la
251 3282 296 3346 45]
310 3285 462 3334 Vossianus:
475 3282 552 3331 Fabio
564 3282 674 3332 Maximo
686 3281 802 3330 dictatore
814 3280 876 3329 assis
887 3279 988 3330 unciales
996 3281 1072 3345 sacti.

141 3368 195 3431 [la
212 3366 258 3430 te]
285 3367 348 3426 Quin
366 3375 389 3415 et
403 3366 502 3416 miiitum
519 3365 686 3429 stipendiorum
703 3365 745 3414 boe
762 3373 797 3414 est
816 3364 897 3429 stipis]
919 3366 955 3414 Et
974 3368 1017 3416 bic
1037 3366 1112 3418 facile
1131 3368 1228 3432 aliquid

107 3454 210 3504 molesti
226 3455 327 3503 sentias.
346 3452 489 3501 Vossianus
504 3448 624 3513 stipendia
639 3449 681 3499 boc
693 3457 728 3498 est
743 3449 813 3512 stipis
825 3446 1000 3515 ponderandis3
1016 3454 1074 3502 dein
1087 3454 1229 3503 dissimulat

107 3533 137 3584 τὸ
150 3535 272 3587 dicuntur:
290 3544 315 3586 et
332 3536 392 3586 setis
404 3542 442 3585 eet
455 3536 544 3599 paullo
560 3541 619 3583 ante
635 3535 753 3596 positum.
771 3535 852 3597 Lege:
869 3533 932 3590 Quin
948 3543 971 3583 et
987 3535 1084 3585 militum
1100 3535 1227 3599 stipendia,

108 3618 150 3668 boc
165 3627 207 3680 est,
223 3619 293 3682 stipis
305 3618 427 3683 pondera,
445 3618 630 3682 dispensatores,
648 3615 795 3679 libripendes.
822 3634 870 3681 qua
885 3617 1049 3667 consuetudine
1064 3618 1089 3667 in
1105 3618 1148 3666 bie.
1176 3616 1227 3677 Qui

107 3704 174 3751 enim
193 3711 237 3753 aut
254 3703 297 3752 ubi
309 3710 447 3767 pensatores
462 3704 520 3752 isti?
537 3703 576 3752 At
591 3699 764 3764 dispensatores
779 3703 872 3765 passim
889 3704 916 3752 in
931 3703 1039 3764 magnis,
1056 3709 1085 3750 ut
1095 3709 1121 3750 et
1133 3703 1159 3749 in
1170 3700 1226 3750 Au·

106 3795 189 3847 gusta,
206 3786 332 3835 domibus.
359 3785 401 3835 Sic
417 3783 558 3833 Armeniaci
574 3782 630 3832 belli
644 3781 800 3845 dispensator,
823 3800 898 3848 quem
914 3784 982 3834 Nero
1001 3795 1093 3844 magna
1109 3785 1226 3832 mercede

107 3870 265 3931 manumisit,
282 3869 327 3918 lib.
345 3872 373 3928 t,
391 3873 423 3916 89
441 3866 499 3929 [40,
519 3866 592 3929 129],
614 3865 762 3930 dispensator
777 3867 915 3931 Hispaniae
935 3864 1049 3914 citeriores
1068 3866 1112 3916 lib.
1130 3873 1175 3928 83,
1195 3873 1223 3916 ll

109 3949 164 4012 [δὴ
177 3950 246 4013 145].
264 3954 404 4012 Pintisnus,
415 3951 535 4014 stipendia
545 3958 569 3999 et
578 3950 648 4013 stipis
656 3949 836 4014 ponderandae.

141 4032 195 4096 [13,
208 4033 252 4097 45]
265 4036 356 4085 Librae
367 4043 445 4083 autem
454 4033 547 4097 pondus
559 4034 623 4082 aeris
634 4033 791 4097 imminutum]
804 4037 880 4084 Voss.
889 4032 1002 4082 Librare.
1017 4034 1112 4094 Scribe,
1125 4032 1227 4083 Libraie

104 4126 184 4167 autem
192 4117 288 4182 pondus
299 4119 370 4180 aaa,
383 4119 435 4169 eive
447 4118 527 4180 malis,
540 4118 608 4168 assis.
626 4117 728 4168 Libraie
739 4128 764 4171 et
775 4121 915 4170 Pintianus.
