2760 4734
121 301 180 341 vm

122 451 202 523 dice
228 451 396 522 locorum
421 471 595 519 numeros
623 445 672 517 ad
689 441 905 542 Silligianae
931 445 1103 518 editionis
1130 447 1247 519 ratio·

121 625 208 673 nem
225 599 352 672 retulit
369 609 407 670 et
427 598 588 670 indicem
613 598 835 693 scriptorum
859 597 899 668 in
923 597 1023 669 notis
1041 598 1102 669 vel
1120 621 1246 671 emen·

123 749 296 825 datorum
321 751 382 823 vel
407 751 678 823 illustratorum
701 749 756 821 ita
779 748 1032 845 locupletavit,
1062 760 1105 820 ut
1131 774 1249 844 quam

123 903 269 976 infinita
295 910 393 974 esset
420 896 587 974 Gronovi
612 900 741 990 lectio,
769 910 909 995 quanta
931 898 1150 973 cruditionis
1177 925 1249 998 per

123 1054 191 1127 has
218 1065 326 1127 notas
354 1052 511 1125 diffusae
543 1052 659 1148 copia,
695 1052 756 1124 vel
790 1051 909 1124 obiter
939 1052 1099 1124 intuenti
1133 1077 1249 1148 appa-

124 1216 231 1279 reret.
269 1201 413 1292 Quibus
445 1201 595 1299 quidem
629 1203 801 1276 omnibus
835 1212 935 1275 recte
966 1202 1249 1295 administratis,

123 1356 304 1429 lectorum
321 1355 540 1443 rationibus,
568 1348 747 1448 quantum
775 1378 798 1424 a
822 1353 931 1426 nobis
957 1352 997 1425 id
1013 1353 1095 1425 fieri
1110 1355 1250 1450 potuit,

124 1517 362 1608 prospectum
387 1529 469 1578 esse
495 1530 579 1578 cum
605 1504 830 1577 confidentia
855 1504 1016 1600 quadam
1041 1529 1249 1601 speramus.

176 1658 255 1732 Iam
283 1656 328 1730 de
355 1657 428 1729 alia
453 1681 493 1728 re
519 1656 610 1729 mihi
636 1655 834 1728 dicendum
865 1666 931 1754 est.
967 1651 1069 1741 Quos
1096 1665 1251 1729 curatae

125 1834 148 1882 a
175 1833 214 1882 se
241 1807 394 1880 editioni
412 1806 511 1880 Plini
535 1808 741 1880 uberrimos
768 1806 963 1880 additurus
981 1817 1061 1878 erat
1079 1802 1251 1902 Silligius

125 1960 278 2049 indices,
313 1959 447 2055 quibus
472 1959 513 2030 in
540 1958 672 2053 quovis
699 1959 772 2031 alio
804 1959 982 2054 scriptore
1013 1958 1160 2030 facilius
1187 1985 1249 2032 ca·

124 2135 207 2184 reas
234 2135 346 2207 quam
370 2110 410 2182 in
429 2109 562 2199 Plinio,
589 2110 669 2182 eius
696 2109 827 2183 consili
853 2110 900 2182 ab
926 2110 1008 2205 ipso
1030 2109 1250 2206 perficiendi

125 2263 282 2336 facultas
319 2263 516 2334 immatura
550 2260 713 2333 hominis
748 2260 952 2333 doctissimi
982 2271 1101 2333 morte
1135 2261 1251 2333 inter·

127 2425 234 2510 cepta
260 2422 325 2484 est.
352 2411 516 2485 Auctore
541 2412 655 2508 igitur
681 2412 811 2502 amico,
846 2414 908 2509 qui
940 2413 1072 2486 consili
1103 2412 1162 2484 sui
1188 2437 1250 2484 co·

127 2565 228 2662 piam
245 2564 319 2636 iam
338 2587 447 2659 saepe
460 2563 552 2635 mihi
569 2564 751 2661 praebuit,
770 2561 955 2640 Orrounn
968 2561 1251 2653 Scmmmnrnn,

127 2723 170 2788 ut
195 2714 291 2788 hano
318 2711 532 2810 Silligianae
559 2714 731 2789 editionis
757 2727 902 2814 partem
933 2718 1154 2805 absolveret,
1189 2741 1251 2788 ro·

128 2866 225 2963 gavi.
264 2866 299 2938 A
334 2866 437 2939 cuius
468 2867 539 2941 viri
575 2866 777 2941 doctissimi
809 2869 937 2942 subtili
967 2869 1175 2947 eruditione
1211 2883 1252 2944 et

128 3027 301 3091 accurata
319 3017 511 3115 diligentia
528 3017 617 3113 quid
635 3021 843 3116 exspectari
861 3019 1004 3111 debeat,
1026 3047 1103 3094 non
1121 3045 1249 3094 meum

128 3177 185 3243 est
210 3193 310 3241 nunc
335 3169 462 3241 multis
489 3167 716 3264 praedicare3
742 3170 860 3268 ipsius
887 3197 993 3269 opus,
1020 3172 1121 3270 quod
1147 3174 1249 3247 intra

127 3318 238 3392 unius
266 3320 354 3391 anni
372 3320 534 3415 spatium
550 3321 588 3392 in
606 3321 796 3416 publicum
812 3295 1047 3420 proditurum
1065 3349 1146 3397 esse
1165 3349 1249 3420 spe·

128 3492 265 3560 ramus,
291 3494 350 3542 me
377 3469 549 3543 disertius
575 3472 756 3566 loquetur.

179 3618 281 3693 Haec
307 3621 383 3692 fere
410 3646 493 3693 oum
519 3623 731 3714 lectoribus,
758 3649 852 3719 quae
868 3626 1035 3722 ipsorum
1052 3629 1250 3701 interesset

130 3771 234 3860 scire,
261 3770 567 3844 communicanda
592 3773 715 3847 habui.

179 3918 288 3995 Nunc
315 3921 360 3995 de
390 3946 448 3994 me
481 3923 662 4018 quaedam
693 3926 732 3998 in
762 3925 925 4001 medium
956 3931 1123 4026 proferre
1156 3931 1271 4026 mihi

129 4071 246 4145 liceat.
282 4071 381 4146 Ante
408 4075 532 4147 omnia
558 4077 696 4172 gratias
723 4078 813 4150 mihi
840 4078 1003 4175 agendas
1031 4105 1111 4154 esse
1137 4080 1249 4155 video

129 4224 456 4319 praestantissimis
488 4227 711 4318 hominibus,
745 4255 902 4325 quorum
934 4255 1048 4328 opera
1077 4243 1114 4305 et
1145 4232 1249 4305 adiu·
