2760 4734
371 303 374 308 -
409 283 514 326 sonan
529 284 573 324 an
587 282 670 324 nme.
686 281 802 323 xxx1v.
818 281 923 322 xxxv.
1183 258 1224 322 93

104 439 234 489 amicorum
245 433 349 500 pandum
361 440 430 482 eram
441 432 563 497 imapinss.
586 432 663 482 Voss.
680 432 810 480 aminarum
821 431 926 494 pestium
937 428 1052 494 imapinss
1064 437 1124 479 crat.
1145 432 1225 492 Lege,

22 509 24 513 ¹
105 522 247 572 denitunam
263 518 366 584 pontiam
381 517 496 581 inopinus
513 523 584 564 aaut
598 514 688 576 adfisis
704 513 803 563 ludum
820 513 910 577 spoliis.
931 513 1015 563 Notus
1025 528 1082 563 mos
1094 521 1120 563 et
1130 514 1225 576 passim

106 608 255 658 celebratus.
276 603 365 653 Livius
376 602 419 651 lib.
435 608 465 651 10
479 598 532 663 [7]:
550 615 648 663 quorum
666 598 745 647 danos
756 597 837 662 spoliis
849 597 947 646 lostium
960 597 1042 658 affixis
1052 598 1155 661 iasiprm
1165 597 1227 646 iuter

105 690 170 741 alias
182 686 303 751 feceritis.
328 686 372 735 lib.
390 690 422 735 23
441 682 510 746 [23]ι
538 684 579 746 qui
598 681 676 747 spolia
697 699 726 731 es
747 681 811 730 leste
823 681 882 743 fisa
902 680 967 730 dani
985 678 1104 730 inbuant.
1132 683 1175 732 lib.
1194 689 1226 733 38

107 775 161 838 [ta
177 770 233 834 ll]:
256 778 279 818 ct
295 777 389 818 cacum
403 767 483 831 spolia
498 767 549 816 eius
565 760 635 816 urbas
646 775 703 815 ante
719 782 811 815 anum
828 765 920 814 laturas
934 773 957 812 et
966 765 1067 826 fisurus
1083 765 1108 812 in
1121 767 1227 828 postibus

105 859 164 907 suis.
188 855 326 907 Suetonius
342 854 370 901 in
380 851 484 901 Nerone
498 850 564 914 [cap.
577 849 635 912 38]:
654 849 735 899 doinus
744 850 876 913 priscorum
889 847 972 897 ducum
985 855 1094 896 arserunt
1105 846 1228 899 tantitas

106 940 186 991 adine
201 936 285 1002 spoliis
301 935 441 984 adunatas.
459 936 575 985 Venusto
590 942 676 985 antem
693 935 755 983 dicit
771 942 830 982 ante
842 937 930 982 domos
941 933 1008 982 usus
1020 930 1161 979 domitarum
1171 946 1228 995 qen·

108 1025 164 1074 dum
182 1020 306 1086 imapines,
323 1022 350 1069 in
366 1020 428 1082 ipsis
440 1019 490 1069 illis
502 1020 599 1082 spoliis,
618 1032 682 1080 quae
695 1018 797 1067 domitis
809 1018 932 1079 victisque
944 1017 1056 1064 detracta
1067 1024 1146 1074 erant,
1163 1030 1228 1078 quae

108 1109 265 1160 domitarum
281 1104 397 1168 symbola
413 1113 439 1152 et
450 1108 603 1165 argumenta
614 1111 693 1151 erant.
712 1101 754 1151 Sic
763 1102 831 1161 lsi,
842 1107 857 1148 2
868 1097 904 1161 [6,
916 1097 959 1159 15]
975 1100 1048 1161 quasi
1059 1100 1093 1147 ad
1105 1101 1229 1162 Magnum

107 1192 271 1255 Pompeium:
298 1186 385 1238 Nonne
401 1185 444 1235 illa
460 1184 561 1235 similior
576 1186 612 1233 tui
625 1193 660 1232 est
675 1186 762 1248 inape,
783 1200 854 1246 quam
870 1182 987 1232 Pirenaci
1003 1181 1066 1251 iupis
1082 1181 1230 1244 imposuisti?

109 1277 230 1339 Sequitur
246 1274 272 1322 in
287 1272 363 1321 Voss.
379 1286 440 1332 quac
458 1286 499 1318 nec
515 1269 614 1333 emptori
628 1270 726 1332 rsfipcre
743 1266 830 1316 liceret.
848 1281 900 1316 non
917 1266 1056 1329 resrinpcrs.
1078 1266 1167 1317 Illudit
1181 1266 1229 1314 sibi

108 1360 250 1418 Pintianus,
266 1371 324 1404 cum
339 1354 470 1418 rp‘rinpcrs
486 1354 528 1402 hic
543 1354 722 1416 interpretatur
738 1367 793 1401 esse
808 1352 927 1400 revellere
940 1353 972 1400 ad
984 1351 1059 1400 huius
1075 1351 1134 1400 libri
1146 1356 1230 1414 capt

110 1441 147 1504 [9,
159 1439 213 1504 26].
232 1439 344 1502 Εςῇρενο
360 1446 399 1488 est
414 1439 535 1487 revellere
551 1436 592 1486 vel
604 1437 736 1486 detrahere
747 1437 774 1485 in
786 1435 889 1484 sublimi
904 1436 993 1494 fixum,
1009 1441 1038 1483 ut
1049 1435 1147 1496 rudperc
1164 1449 1230 1482 aera.

110 1525 202 1575 Cicero
214 1524 257 1573 lib.
270 1527 308 1571 12.
319 1521 398 1571 famil.
411 1527 424 1569 l
438 1519 490 1584 [2]ι
504 1520 571 1569 cuias
582 1535 641 1568 acra
652 1520 751 1583 rpipcrc
762 1517 909 1578 distamus,
926 1517 976 1566 eius
989 1517 1060 1566 edam
1073 1515 1232 1581 cliroprapla

110 1606 263 1672 defendimus.
280 1609 379 1669 Digest.
390 1604 443 1668 [43‚
451 1613 492 1666 24,
500 1609 540 1666 22,
551 1602 591 1666 2]ι
603 1602 634 1653 Si
645 1601 680 1650 ad
690 1603 786 1651 ianam
800 1601 992 1664 mdulasfiasris,
1004 1610 1027 1649 st
1038 1617 1079 1665 spo
1091 1617 1140 1662 eas,
1149 1602 1231 1665 prius

110 1706 183 1753 quam
198 1689 241 1738 tibi
256 1689 404 1760 Mandonii,
421 1689 529 1752 reficere.
547 1689 640 1751 virgil.
655 1684 734 1748 [Aen.
745 1694 773 1748 6,
785 1684 859 1748 622]ι
869 1686 931 1748 Jluit
946 1685 1007 1751 lepos
1019 1687 1097 1750 pretio
1110 1694 1180 1748 atque
1194 1701 1231 1733 rs·

102 1774 172 1836 fixit.
190 1775 259 1824 Men.
268 1774 390 1839 rcfripere.

147 1856 183 1921 [2,
190 1857 217 1919 8]
233 1855 289 1907 Cam
299 1858 419 1922 Scipionis
427 1857 543 1919 Africani
553 1857 675 1905 transisset
685 1855 784 1917 atrium]
797 1857 950 1906 Hermolaus
959 1855 1091 1917 scripserat
1099 1867 1153 1903 esse
1163 1853 1232 1900 eodi-

111 1957 162 2003 ces,
171 1943 198 1991 in
208 1943 299 2006 quibus
307 1941 432 2007 Africani,
442 1956 494 1991 nou
503 1940 669 2003 Pomponiani,
679 1942 799 2003 scriptum
810 1940 849 1989 sit.
863 1939 913 1989 Sed
919 1939 995 1987 Voss.
1002 1938 1157 1993 GudAcad.
1162 1938 1231 1986 Men.

112 2035 142 2075 ut
153 2035 179 2075 et
190 2026 228 2075 Io.
240 2028 368 2077 Andreas:
387 2025 505 2089 Scipionis
513 2023 680 2088 Pomponiani.
698 2026 788 2073 deinde
797 2025 874 2073 Voss.
888 2020 1037 2072 Saluittonis.
1051 2024 1120 2071 Men.
1130 2029 1156 2070 ot
1164 2020 1231 2071 Gud.

112 2108 252 2172 Saluitonis,
261 2112 476 2174 quemadmodum
486 2110 554 2158 idem
563 2110 687 2158 Andreas.
701 2111 784 2158 Locus
793 2107 965 2157 insanabiliter
972 2108 1131 2169 depravatas,
1141 2107 1233 2156 clamat

112 2194 254 2245 Pintianus.
271 2195 358 2244 Possis
370 2195 484 2257 accipere
493 2193 664 2255 Pomponium
676 2193 803 2255 quendam
815 2193 963 2253 adoptatum
975 2206 991 2239 a
1002 2189 1119 2239 Cornelio
1130 2191 1184 2251 illo,
1196 2190 1234 2238 cui

112 2276 148 2326 ad
159 2278 308 2342 opprobrium
320 2277 383 2326 vitae
395 2275 518 2327 Salutioni
528 2291 653 2340 capnorncn
665 2283 725 2337 crat,
744 2283 807 2325 teste
820 2275 941 2325 Suetonio
954 2273 1020 2323 Iulia
1038 2288 1093 2336 cap.
1107 2280 1146 2324 59.
1171 2273 1234 2324 an-

113 2369 196 2410 terum
216 2362 251 2411 ibi
271 2377 373 2425 quoque
394 2361 479 2424 scripti
500 2362 604 2424 quidam
625 2358 748 2410 Saluitoni
767 2369 792 2409 et
812 2357 951 2409 Saluitioni.
982 2357 1079 2408 Plinius
1099 2359 1143 2407 lib.
1163 2361 1233 2418 7,12

115 2443 170 2507 [10,
188 2443 245 2506 54]:
272 2443 388 2493 Eiusdem
401 2443 517 2508 familiae
537 2443 647 2508 Scipioni
663 2452 717 2508 post
737 2459 786 2492 cum
807 2458 932 2507 capnomcn
953 2440 1047 2493 Salutio
1063 2441 1147 2490 inimus
1163 2439 1234 2489 dedit.

114 2529 198 2576 Acad.
215 2527 258 2575 hic
274 2542 375 2589 quoque
392 2525 508 2576 Saitica.
534 2530 602 2578 Men.
619 2537 645 2577 et
661 2527 727 2579 Gud.
744 2526 859 2578 Saluitto:
881 2540 1019 2590 omnesque
1034 2541 1123 2575 nomen.
1150 2524 1234 2575 Genii-

115 2610 227 2658 ciebum:
248 2607 361 2657 Eiusdem
369 2608 486 2671 familiae
501 2608 611 2673 Scipioni
623 2620 677 2675 post
692 2627 816 2674 capnomsn
833 2609 938 2674 Salpitto
952 2609 1036 2665 ,mimus
1053 2608 1125 2660 dedit.
1148 2612 1173 2661 A
1185 2612 1234 2660 sal·

115 2693 187 2757 pittis
202 2694 255 2743 sive
270 2694 357 2757 alapis,
375 2694 466 2757 quibus
482 2709 511 2746 os
528 2696 598 2745 mimi
614 2697 776 2760 praebebunt.
804 2696 924 2747 Glossue:
951 2694 1087 2758 Salapina,
1105 2693 1233 2760 ῥάπισμα.

115 2778 247 2827 Amobius
259 2778 302 2827 lib.
317 2782 330 2828 7
351 2775 419 2842 [cap.
431 2784 472 2828 83.
485 2794 509 2843 p.
523 2784 580 2830 574.
593 2779 733 2843 Hildebr.]:
751 2779 836 2831 Mirans
847 2779 883 2829 dii
891 2778 1004 2844 pandent,
1017 2791 1064 2831 etc.
1082 2777 1235 2839 delectamur,

116 2869 142 2910 ut
159 2877 196 2908 res
212 2869 254 2923 est,
271 2861 418 2925 stupidorum
435 2863 552 2927 capitibus
567 2864 638 2923 rasis,
655 2863 810 2928 separarum
825 2864 904 2913 sanita
920 2872 991 2926 atque
1005 2862 1105 2926 plausu,
1117 2864 1198 2925 factis
1214 2871 1237 2910 ct

117 2943 186 2994 dans
203 2946 317 3008 turpilius,
327 2946 479 3009 fascinorum
495 2946 623 3009 inpentiurn
639 2948 731 2996 rubore.
755 2948 831 3007 Quod
848 2961 907 2996 meo
924 2948 1016 2995 iudicio
1033 2956 1100 3014 rapte
1115 2949 1236 3010 interpre-

117 3037 184 3078 tatur
200 3030 312 3091 Scaliger
327 3031 360 3077 ad
377 3029 520 3078 catalecta:
542 3041 590 3076 nec
605 3037 689 3090 potest
704 3028 778 3077 aliter
793 3030 880 3091 accipi,
899 3030 1017 3091 quicquid
1035 3031 1235 3092 tergiversantur.

117 3112 184 3162 Num
196 3113 305 3162 taboram
317 3111 406 3158 sonitus
416 3111 542 3174 patienter
553 3112 663 3169 auditur,
676 3113 720 3160 sed
732 3112 788 3172 quis
800 3126 887 3160 earum
899 3111 1018 3173 plausus?
1036 3114 1073 3162 At
1085 3114 1128 3162 hic
1141 3117 1236 3178 optime

44 3183 48 3188 ’
119 3197 236 3245 convenit
248 3195 341 3257 alapis:
355 3202 383 3243 ut
394 3197 462 3256 apud
472 3195 550 3245 Ouid.n
557 3193 602 3242 lib.
616 3201 631 3244 2
645 3191 720 3255 [vers.
731 3191 792 3254 867]
806 3194 880 3243 Met:
890 3192 958 3242 modo
966 3203 1065 3258 pectora
1072 3198 1171 3259 praebat
1181 3198 1236 3248 Vir-

117 3279 189 3343 pinca
197 3276 338 3342 plaudendo
350 3293 429 3327 manu.
446 3277 514 3327 Nam
530 3287 700 3342 spectatorum
712 3280 830 3343 plausum
841 3278 984 3341 intelligere
996 3281 1131 3343 prohibent
1142 3286 1236 3344 omnia,

119 3379 184 3428 quaa
195 3365 351 3426 praecedunt
363 3370 388 3412 st
400 3369 548 3424 sequuntur,
561 3365 593 3411 ad
606 3378 658 3424 eos,
672 3364 714 3425 qui
726 3376 753 3411 se
766 3363 828 3411 dant
840 3366 998 3426 spectandos,
1014 3380 1067 3415 non
1078 3370 1111 3416 ad
1122 3378 1237 3432 spectan-

119 3456 165 3507 tes,
183 3447 341 3509 pertinentia.
364 3444 491 3509 Salapitta
502 3453 587 3494 autem
600 3456 626 3497 et
635 3446 735 3510 salpitta
750 3448 812 3496 itam
824 3456 853 3496 ut
867 3445 966 3512 ιοίριρα
983 3459 1009 3499 et
1024 3448 1140 3516 solipupa.
1158 3454 1236 3503 Vide-

119 3540 160 3582 tur
171 3531 267 3580 fuctum
284 3545 317 3579 ex
334 3525 488 3586 ἀλαπάζειν.
514 3528 623 3580 Glossae
638 3531 741 3580 iterum:
765 3529 888 3594 Alapatur
904 3528 1043 3590 ἀλαπάζει.
1065 3527 1236 3596 Ἠλάπακται,

120 3609 283 3673 ἀλαπακτύς,
306 3609 454 3678 dianam-i,
475 3612 602 3676 salapicta,
623 3612 747 3676 solantia,
768 3613 871 3678 salpista
891 3623 917 3667 et
936 3616 1043 3680 salpitta.
1071 3617 1113 3667 Sic
1127 3619 1238 3669 'Ovidius

121 3697 195 3748 Sticta
206 3697 268 3747 facit
280 3697 409 3746 caniculae
419 3712 520 3758 nomen,
531 3706 556 3746 et
564 3698 661 3749 Latinis
672 3698 817 3748 huiusmodi
829 3700 926 3763 ‹ffeasa
935 3700 1027 3759 intrita,
1039 3700 1119 3759 musa,
1132 3701 1237 3750 romara.

120 3781 212 3830 Multis
229 3788 313 3829 autem
329 3780 462 3830 eGraecia
478 3783 504 3830 in
516 3783 618 3830 Latium
636 3783 822 3832 transeuntibus
838 3784 960 3847 praeponi
977 3799 993 3831 a
1004 3781 1088 3831 lronte
1099 3783 1169 3833 illam
1183 3785 1238 3834 lite-

121 3878 183 3923 ram,
200 3864 286 3912 multis
302 3862 327 3910 A
342 3865 369 3912 in
385 3862 404 3912 I
415 3867 508 3914 mutari
524 3875 614 3915 notum
630 3874 676 3915 eat.
699 3865 773 3916 Unde
788 3882 882 3916 nomen
898 3867 1095 3928 haudquaquam
1107 3867 1239 3930 indignum

121 3948 200 3995 mimo
213 3949 338 4009 provenit,
350 3944 455 4011 Salpitto
467 3965 483 3996 a
494 3947 601 4011 salpitta,
614 3956 642 3997 ut
654 3950 686 3998 ab
694 3948 753 3998 alea
764 3949 824 4010 aleo,
837 3947 957 4012 apracda
966 3947 1066 4011 praedo.

158 4027 248 4091 [Ibid]
272 4031 326 4080 Hoc
337 4031 399 4079 enim
411 4032 525 4095 eifucrat
536 4032 670 4095 coquamus)
688 4032 861 4098 Africanorum
874 4030 988 4082 dedecora
999 4041 1076 4082 notam
1089 4035 1238 4099 irrepentem]

122 4114 245 4163 Nesciunt
255 4116 317 4164 Mas.
330 4129 473 4177 pronomen
489 4115 522 4164 ei:
540 4117 657 4167 nesciunt
667 4132 755 4168 vocem
766 4125 856 4166 notam:
874 4117 920 4166 sed
930 4117 1050 4168 Vossian.
1069 4116 1239 4182 Africanorum

124 4193 348 4260 dcdscoriinrcpcnte
365 4197 500 4263 &pianum
517 4200 610 4248 nomini.
634 4203 735 4266 Menap.
753 4201 819 4253 Gud.
837 4209 862 4250 et
876 4201 958 4251 Acad.
982 4199 1152 4263 Africanorum
1171 4200 1240 4251 dede·
