2760 4734
133 277 171 338 14
618 291 758 335 ‹raeaevr

131 451 197 509 lmec,
214 449 311 499 etiamsi
323 450 385 497 boni
398 460 485 499 sensus
497 448 576 497 feret!
600 448 650 499 Sed
667 448 719 497 exit
731 446 774 497 ille
785 460 890 511 prorsus
909 446 1051 499 ridiculus:
1078 448 1111 501 Si
1124 454 1249 517 propriaue

131 533 250 583 naturalis
266 535 329 583 haec
347 535 369 582 ei
386 540 453 582 terra
468 532 552 582 fucrit.
580 534 646 583 llum
663 534 709 582 sub
727 534 777 581 hae
794 533 953 595 exceptione,
973 547 1023 583 cnr
1042 536 1251 599 potiundorum,

129 635 206 684 quam
219 633 325 681 usquam
337 619 460 681 gentium,
478 618 519 668 abi
532 618 662 680 provenire
673 617 773 680 petest?
796 615 915 679 Denique
927 617 986 679 quis
1003 619 1046 667 sic
1062 634 1127 671 usus
1143 632 1201 671 voce
1216 635 1253 667 aa·

131 700 232 751 taralis?
256 704 365 753 Unicum
378 703 525 763 exemplum
537 700 644 751 adferte
657 699 746 752 Selino
758 702 789 750 de
802 700 915 760 corallio,
934 699 1097 751 ramalem
1111 702 1181 753 eutis
1195 700 1253 753 dero-

128 788 205 850 paris:
229 788 273 838 sed
291 788 360 850 quod
376 787 429 849 ipsc
446 786 547 845 creauit.¹
566 798 598 845 et,
618 794 646 834 ut
663 799 728 845 reor,
746 784 824 833 male:
846 782 1047 847 praeferendum
1068 787 1141 837 enim
1158 803 1191 837 ex
1205 787 1253 837 eliis

129 874 202 922 codd.
215 872 255 920 ubi
266 871 291 919 in
302 887 389 935 supera
400 868 546 930 attolluntur,
557 868 666 934 peeur‘mir
678 866 798 916 natalibus
809 866 939 931 deropetfs,
952 865 1137 932 lapfdcsfiuat.
1150 870 1254 923 Corellia

128 956 226 1021 penuim'
242 953 333 1004 natales
350 952 493 1018 derupautur
510 962 537 1002 et
554 953 625 1016 quasi
644 953 787 1013 eiurantur,
811 966 889 1014 quum
912 953 1035 1015 virgeum
1059 955 1104 1005 vel
1123 956 1253 1005 vimineum

128 1057 222 1105 carpus
240 1040 339 1090 amittit.
362 1039 439 1088 Hunc
455 1046 540 1087 autem
556 1038 588 1085 ud
605 1037 688 1088 Solini
703 1037 789 1085 locum
807 1037 916 1085 advocat
931 1037 1005 1087 aliud
1024 1039 1145 1089 eiusdem
1161 1038 1255 1089 fldcide

130 1126 200 1175 foetu
212 1126 288 1174 uteri:
305 1121 375 1180 Quod
384 1122 407 1170 si
417 1119 535 1170 naturales
546 1119 649 1168 materia
658 1119 768 1179 feeerit,
778 1117 880 1167 Maus
892 1135 909 1167 e
919 1127 1036 1183 conceptu
1048 1120 1103 1171 dias
1113 1120 1195 1171 delere
1203 1136 1254 1186 pre·

130 1209 201 1258 vides
212 1207 353 1257 admonebit.
376 1206 435 1270 Ipse
448 1207 473 1254 in
485 1206 559 1255 unius
571 1205 627 1253 cod.
639 1205 755 1267 margine
765 1204 802 1252 ait
812 1203 907 1253 lectum
918 1202 1020 1265 uetelfs,
1039 1208 1088 1257 sed
1099 1207 1127 1256 id
1139 1207 1253 1271 interpre-

130 1306 199 1346 tetur
220 1293 250 1344 ἐκ
267 1288 463 1357 πρυεκδόσεως.
489 1290 614 1353 Equidem
635 1289 728 1337 horum
750 1288 859 1337 alterum
881 1287 902 1338 si
919 1287 953 1337 sit
971 1291 1087 1340 omnino
1105 1291 1253 1354 eligendum,

130 1383 207 1441 longe
224 1379 309 1442 potius
326 1383 414 1440 putem
432 1371 462 1422 τὸ
481 1372 577 1421 natales.
604 1372 654 1423 Sed
672 1372 770 1421 videtur
786 1379 811 1420 et
828 1372 879 1421 hoc
895 1372 987 1423 dectus
1004 1373 1096 1424 lector
1112 1374 1252 1434 coniecine,

128 1466 231 1516 Solinus
247 1470 330 1512 autem
348 1460 486 1523 scripsisse:
509 1454 579 1514 Quod
591 1455 615 1504 si
624 1453 774 1504 naturalibus
785 1454 887 1503 motmie
898 1454 1014 1507 laeserit:
1039 1466 1068 1508 et
1083 1456 1211 1509 nataralia
1219 1457 1252 1507 fn·

129 1547 264 1603 tellexisse,
277 1559 342 1608 quae
353 1543 452 1591 vocent
459 1539 594 1604 penetralia
606 1547 720 1589 materne.
738 1539 883 1589 Macrobius
894 1538 937 1589 lib.
950 1544 972 1589 l.
984 1541 1012 1589 in
1025 1540 1167 1593 Somnium
1178 1544 1251 1605 capt

129 1632 184 1695 [63.
196 1647 222 1694 p.
236 1634 276 1678 50.
292 1628 352 1676 edit.
364 1623 446 1686 Ian.]:
468 1624 524 1674 IIec
535 1632 613 1671 tamea
626 1621 824 1686 praetereundum
835 1638 881 1671 neu
891 1629 933 1683 est,
946 1622 1006 1686 quie
1017 1640 1110 1688 amen,
1129 1625 1195 1691 quod
1203 1632 1252 1690 pu

127 1716 216 1765 metum
231 1711 271 1760 suf
285 1710 351 1759 intre
366 1707 437 1756 lorus
452 1715 538 1770 septem
550 1723 595 1755 uon
601 1706 682 1768 suerit
694 1706 718 1755 iu
729 1705 865 1770 effusionem
876 1704 1006 1771 relapsum,
1025 1707 1136 1759 hammes
1148 1710 1174 1759 t’u
1184 1709 1250 1759 effu

125 1796 301 1865 pronuntiatur.
326 1794 412 1844 Verum
423 1789 592 1840 reuiuesceret
603 1790 668 1839 iutra
671 1788 802 1854 formandi
811 1789 911 1839 mmmm
922 1800 1042 1841 monetam
1055 1792 1144 1857 ἱοωιο,
1155 1793 1198 1845 loc
1203 1791 1250 1859 μη·-

129 1900 190 1933 mum
206 1880 297 1947 cru'sec
313 1885 402 1927 mature
417 1875 517 1937 molitur,
533 1884 560 1923 ut
571 1873 609 1924 die
620 1875 717 1938 septimo
724 1872 862 1937 folliculum
872 1873 998 1939 pecuinam
1011 1875 1149 1929 circumdet
1159 1878 1248 1929 lueri·

128 1971 240 2019 Resumo
251 1965 371 2022 Plinium,
384 1976 459 2024 quem
471 1974 524 2009 non
536 1975 602 2023 nego
614 1960 656 2009 hic
668 1960 766 2008 medica
777 1973 855 2009 manu
867 1972 949 2021 egere.
971 1958 1036 2009 Non
1054 1962 1125 2011 enim
1136 1964 1199 2013 Mss-
1209 1958 1250 2009 afri

128 2061 223 2102 seretur
234 2049 293 2110 alia,
306 2048 350 2098 scd
362 2045 409 2094 uisi
420 2045 444 2093 in
456 2042 564 2093 naturali
573 2042 638 2092 baec.
662 2042 812 2094 Scribimus:
831 2041 882 2093 sed
892 2042 916 2091 iu
931 2040 1003 2091 oreta
1016 2060 1159 2109 quocunque
1170 2045 1194 2094 in
1204 2043 1248 2093 leco

129 2146 217 2185 terram
230 2130 327 2181 moverit
337 2129 464 2194 quispiam,
475 2128 547 2192 quasi
557 2127 582 2176 υἱ
593 2125 708 2189 naturali,
721 2126 779 2176 laec
788 2126 895 2191 pipuitur
902 2126 1061 2191 protinusque
1072 2127 1179 2193 emcrpt‘t.
1195 2127 1248 2179 Sive

130 2220 218 2279 mavis,
236 2216 330 2265 emicat.
353 2215 421 2265 Nam
438 2212 546 2277 emiprat,
566 2212 632 2275 qued
649 2225 701 2260 non
717 2212 794 2261 modo
810 2211 835 2259 in
852 2210 961 2274 scriptis,
978 2213 1027 2261 sed
1044 2213 1126 2263 etism
1138 2212 1248 2277 apadIa

128 2304 260 2353 Andream
276 2298 384 2358 invenie,
402 2298 547 2356 tolerarem,
566 2298 587 2346 si
603 2295 695 2344 Latina
711 2294 788 2345 ferret
803 2296 892 2344 oratio.
919 2294 972 2345 Sed
988 2294 1111 2360 emiprare
1128 2296 1246 2349 ᾱίιοοᾱαο

128 2396 204 2451 atque
215 2386 285 2435 abire
298 2398 351 2433 esse
362 2383 428 2444 seio;
445 2396 497 2430 nen
514 2381 622 2429 existere
639 2387 684 2430 aut
699 2394 753 2429 sese
769 2378 891 2443 proferre,
909 2386 934 2428 ct
945 2379 980 2439 id,
998 2382 1147 2442 quodcum
1157 2392 1245 2439 omnem

129 2482 183 2523 tum
200 2484 275 2533 saepe
287 2467 383 2517 Plinius
400 2466 461 2513 dicit
478 2463 585 2513 emicare.
610 2464 660 2514 Sed
673 2471 698 2513 et
709 2479 825 2527 emmpere
836 2463 880 2513 lib.
894 2468 960 2523 tau
979 2461 1036 2525 [26,
1049 2462 1111 2526 8³]=
1134 2460 1247 2527 Nmpe

127 2563 197 2605 extra
215 2561 302 2600 terrem
318 2547 418 2609 emersit,
436 2547 508 2596 durus
516 2550 553 2611 fit
568 2555 639 2611 atque
647 2549 775 2612 suuposus.
798 2547 896 2597 Movere
911 2544 1005 2595 humum
1022 2548 1125 2611 placuit
1139 2556 1167 2599 et
1181 2544 1246 2599 Μ

128 2639 213 2691 Plinio
229 2636 272 2684 lib.
287 2641 309 2684 l.
323 2649 363 2698 ep.
377 2640 416 2682 18.
436 2632 532 2696 [potius
544 2632 579 2693 Π,
595 2636 634 2693 17,
648 2629 706 2693 25]:
725 2646 867 2695 quocumque
882 2628 932 2680 loco
943 2631 1046 2679 moueris
1057 2630 1164 2693 demum,
1174 2628 1247 2681 mre·

127 2731 151 2772 et
160 2727 262 2786 pmaua
274 2717 355 2766 ltumor
367 2716 474 2766 occurrit.
498 2718 584 2778 Quum
595 2716 663 2779 lego,
679 2715 737 2765 baec
747 2715 861 2781 pipnitur,
878 2715 1002 2777 intelligo,
1014 2715 1099 2767 alters
1110 2730 1246 2781 cupressus-

127 2807 236 2855 Dixerat
248 2803 325 2853 enim:
348 2802 406 2851 Duo
416 2816 504 2864 perere
515 2816 603 2849 earuru.
622 2801 663 2850 Ita
675 2808 699 2851 et
711 2816 786 2849 mex:
809 2797 861 2848 Illa
876 2815 931 2848 oerc
942 2798 1013 2847 etiem
1030 2796 1141 2865 (nempe
1153 2814 1247 2865 cupres-

129 2906 172 2941 sus
184 2889 266 2938 altera
277 2886 373 2951 specics
385 2887 497 2949 gignitur
509 2882 677 2948 emergitque)
693 2899 739 2932 nou
751 2882 871 2948 appellato
880 2882 931 2931 solo
941 2899 972 2931 ac
982 2891 1075 2947 sponte.
1092 2883 1140 2935 Sic
1151 2896 1247 2949 prorsus

127 2974 210 3024 Aeud.
227 2972 337 3023 Gudian.
354 2970 480 3021 Vossiani.
504 2968 640 3033 Appellato,
659 2976 705 3029 est,
723 2976 803 3030 moto,
820 2968 973 3018 fossionibus
990 2967 1148 3031 sollicitum
1166 2970 1248 3019 admo

127 3061 188 3109 dum
200 3059 273 3107 scite:
292 3064 318 3106 at
329 3057 417 3107 inscite
428 3055 618 3118 Delecampius,
631 3061 721 3117 aperto,
735 3054 845 3115 corrigit
864 3052 932 3114 Quid
944 3059 1040 3113 autem,
1052 3066 1100 3115 per
1110 3054 1199 3112 fldem,
1209 3050 1248 3101 bic

128 3158 173 3190 ueu
184 3139 305 3205 appellato
316 3157 328 3189 e
339 3142 439 3204 sponso?
458 3139 488 3189 Id
501 3148 547 3200 est,
563 3138 653 3202 inquit,
670 3138 697 3185 in
708 3139 765 3188 selo
777 3136 879 3186 minime
890 3135 1008 3196 naturali,
1025 3136 1099 3199 quod
1111 3150 1147 3187 ex
1159 3148 1247 3201 monn

127 3242 179 3278 non
190 3225 270 3291 possit
281 3225 411 3289 appellari.
432 3224 555 3286 Agnosco
566 3222 709 3283 ingenium:
726 3224 771 3271 sed
782 3215 927 3287 κακοζηλία
938 3219 1119 3271 intolerabilis.
1142 3220 1198 3271 Nee
1207 3234 1247 3285 ps·

128 3310 189 3359 titur
204 3322 301 3369 sensus,
318 3315 346 3357 ut
362 3309 442 3370 liquet
459 3322 491 3356 ex
508 3306 688 3369 superioribus.
711 3305 797 3355 Multo
815 3302 1030 3355 minusferendus
1043 3304 1247 3363 mitiacum,

128 3406 207 3454 quum
223 3393 256 3440 ad
268 3391 385 3441 Gratiam
401 3397 492 3440 tenum:
511 3387 554 3436 ula
569 3403 623 3436 vero
639 3388 710 3436 etiam
727 3404 772 3436 nou
783 3385 907 3451 appellata
921 3385 971 3436 solo
982 3384 1108 3450 mappam,
1126 3386 1200 3453 quui
1211 3384 1248 3435 tls·

127 3490 226 3539 spoums
236 3475 327 3526 Latine
339 3477 372 3525 sit
383 3476 450 3524 idem
462 3473 531 3537 quod
542 3470 687 3535 desperatus.
706 3469 760 3533 [Ila
772 3468 875 3521 MisceH.
887 3487 913 3535 p.
926 3476 976 3521 849
988 3466 1057 3533 aem]

522 3670 587 3734 AD
609 3671 728 3736 LIBR.
751 3670 853 3735 XIX.

161 3813 273 3865 Praefut.
296 3810 388 3860 Audes
399 3809 456 3871 cito,
472 3808 583 3859 scelerum
593 3809 681 3874 plenu!
700 3808 796 3874 aliquid
805 3810 861 3871 seri,
878 3817 904 3859 ut
918 3816 997 3859 cauma
1009 3806 1183 3875 prooeflaepue
1193 3810 1250 3861 recf-

125 3898 188 3963 piut,
204 3905 228 3946 et
240 3912 327 3961 parum
340 3893 509 3957 essefluctibus
519 3892 665 3956 relucebit]
688 3896 828 3946 Salmasius
840 3897 872 3946 ad
885 3894 1002 3946 Selinum
1013 3909 1039 3958 p.
1052 3899 1114 3946 260.
1133 3898 1212 3947 trudit
1225 3895 1251 3945 in

128 3984 230 4047 optimis
247 3982 317 4031 libris
334 3981 455 4044 scripturn
473 3993 526 4027 csse
545 3977 652 4041 phuam,
674 3980 735 4029 item
754 3977 873 4043 procellas
890 3986 916 4028 ut
932 3977 1021 4042 capiat.
1044 3980 1252 4043 omniaomina

127 4066 323 4117 emendandum:
345 4062 436 4111 Audax
451 4061 484 4123 id,
501 4069 528 4110 ut
542 4060 652 4110 scelerum
666 4062 760 4125 plenum
777 4062 872 4126 aliquid
885 4062 936 4111 seri
949 4070 975 4112 ut
990 4070 1078 4123 mutos,
1093 4060 1253 4125 procellam

127 4151 217 4213 cupiat,
228 4164 271 4197 uec
278 4163 366 4212 parum
379 4163 427 4195 esse
439 4145 580 4208 etfluctibus
590 4145 647 4195 solis
659 4145 717 4195 veli.
735 4146 920 4207 Infelicissime,
932 4161 990 4197 meu
998 4146 1103 4210 quidem
1115 4146 1252 4199 sententia.

127 4231 195 4283 Sane
207 4232 273 4283 Gud.
285 4231 404 4281 Vossiani
416 4231 475 4291 duo,
492 4229 573 4279 Aead.
590 4245 695 4294 prorsus
712 4228 858 4293 ut'vulgati.
881 4230 933 4281 Sed
948 4230 1027 4281 fuerit
1042 4230 1146 4293 melier,
1163 4232 1192 4283 iu
1203 4246 1252 4297 qne
