2760 4734
169 267 208 329 76
436 263 449 271 ’
651 286 794 359 suonam

202 434 305 498 [17‚56]
315 437 428 486 Laterum
439 451 563 484 aureorum
574 434 680 486 XXVI
687 435 749 486 Met
759 436 913 484 innumerata
919 434 997 498 pando
1009 432 1085 496 000]
1096 435 1171 484 Voss.
1186 432 1286 483 latorum

166 536 290 569 aureorum
301 520 427 570 XXXV.
440 527 463 567 et
474 519 498 566 in
510 534 605 567 nurnero
616 519 683 570 H-s.
698 516 767 569 000.
785 520 873 580 Recte,
890 520 967 569 modo
984 519 1063 568 iscius
1080 524 1208 566 numerato.
1228 520 1286 568 Tri-

166 605 236 667 ginis
247 606 359 668 quinque
370 605 451 653 millis
462 604 570 653 luterum
583 604 637 651 vult
649 612 675 652 et
685 610 846 653 numeratum
857 604 997 653 sestertidm
1010 603 1152 652 trecenties.
1164 603 1285 653 Budaeus

104 693 152 740 617
166 703 199 738 ex
210 689 358 751 nescioquo
374 688 461 736 codice
478 701 613 736 aureorum
630 687 782 749 quindecim,
799 695 978 749 argenteorum
989 690 1074 736 ³6000
1086 685 1148 735 lecit
1162 693 1189 734 et
1201 685 1228 734 in
1239 702 1287 735 nu·

165 779 263 822 mereto
274 771 485 834 quadringenties.
1326 764 1331 773 '

200 851 288 916 [Ibid]
307 854 396 903 Perseo
411 868 465 917 repe
480 852 637 903 Macedonico
653 852 743 902 desisto
757 852 873 917 praedam
887 851 975 917 populo
992 852 1061 901 trium
1077 851 1189 914 millium]
1209 855 1285 904 Voss.

165 954 220 1002 repe
235 938 310 986 victae
322 936 477 987 Macedonico
489 936 585 1000 praeda
595 937 663 988 H-S.
675 936 711 986 H.
724 935 775 986 111.
793 938 893 988 Scribe:
909 935 996 986 Intulit
1011 944 1035 984 et
1044 935 1162 985 Aemilius
1173 935 1287 996 Paullus,

165 1021 253 1071 Perseo
269 1037 324 1085 repe
339 1021 406 1082 victo,
424 1020 596 1070 Macedonicae
609 1019 717 1085 praedae
728 1020 856 1070 sesmrtiim
875 1021 910 1069 bis
921 1019 1005 1070 millies
1023 1020 1149 1068 messallae.
1167 1021 1286 1070 Eundem

165 1120 298 1155 numerum
315 1106 395 1154 hebet
409 1105 520 1154 Pintieni
537 1107 627 1154 codex.
645 1105 712 1156 Hinc
728 1120 789 1168 ergo
806 1105 890 1169 potius
906 1104 1059 1154 reformandi
1070 1104 1157 1153 Livius
1171 1101 1226 1164 [45,
1239 1100 1285 1164 40]

166 1198 191 1238 61
201 1189 316 1238 Velleius
329 1187 365 1250 [l,
379 1195 402 1249 9,
416 1186 452 1249 4],
466 1204 574 1252 qnorum
588 1191 653 1238 ulter
664 1188 749 1238 millies
760 1187 886 1249 ducenties,
898 1188 963 1238 alter
975 1187 1011 1235 bis
1021 1185 1105 1236 millies
1116 1187 1202 1235 centies
1213 1187 1276 1235 odit.

200 1270 253 1334 [ls‚
266 1270 309 1333 67]
327 1270 388 1320 Inde
400 1272 515 1320 mansuere
526 1271 551 1320 in
563 1288 685 1322 summas:
701 1273 725 1321 in
739 1272 846 1336 parietes
861 1269 962 1335 quoque]
981 1272 1058 1321 Voss.
1071 1270 1096 1318 in
1108 1285 1216 1318 cameras
1227 1284 1286 1330 quo·

165 1370 209 1417 que
219 1363 243 1403 et
249 1355 364 1419 parietes,
375 1354 418 1419 qui
428 1355 476 1403 iam
488 1363 511 1403 et
522 1355 570 1419 ipsi
580 1364 693 1418 tanquam
705 1372 765 1404 vasa
776 1357 926 1404 inaurentur.
943 1354 981 1404 Ut
992 1361 1018 1403 et
1028 1353 1093 1403 liber
1104 1353 1224 1403 Pintisni.

199 1436 253 1500 [le,
266 1436 310 1500 59]
328 1424 603 1502 Auriqueezperimento
615 1439 677 1504 ipnis
689 1448 730 1499 est,
747 1448 774 1488 ut
789 1438 864 1487 simili
875 1436 950 1487 colare
961 1439 1046 1486 rubeat
1057 1453 1103 1499 quo
1114 1434 1188 1501 ipnis]
1207 1437 1284 1486 Voss.

165 1520 352 1583 experimentum,
369 1530 398 1571 ut
409 1529 435 1572 61
447 1522 546 1572 chifleu
565 1523 615 1573 Sed
626 1524 729 1588 insuper
741 1525 818 1573 Voss.
830 1530 857 1571 ut
866 1521 941 1571 simili
951 1520 1025 1570 colare
1037 1521 1123 1569 rubeat
1137 1520 1202 1584 ipnes
1212 1527 1285 1582 atque

164 1610 187 1650 et
197 1605 272 1666 ipsum
285 1606 404 1653 obrussam
417 1613 507 1654 vacant.
530 1609 680 1668 Legendum
697 1609 787 1669 igitur:
805 1606 914 1669 Aurique
932 1606 1111 1670 experimentum
1127 1604 1189 1668 iynis
1200 1610 1242 1663 cst,
1260 1611 1286 1652 ut

163 1686 238 1736 simili
247 1687 323 1736 colore
335 1689 418 1736 rudmt
433 1689 596 1752 ipnescatque:
613 1688 640 1737 id
655 1690 730 1752 ipsum
746 1691 866 1738 obrussam
883 1697 974 1740 vocant.
991 1690 1028 1740 Ut
1039 1689 1092 1739 fere
1105 1696 1131 1738 61
1143 1687 1284 1738 Salmasius

163 1775 196 1822 sd
213 1772 728 1836 Solinp.1080,sedpostPintienum
746 1775 815 1822 Men.
834 1774 901 1824 Gud.
930 1775 1012 1823 Aced.
1030 1774 1114 1821 rubeat
1129 1771 1192 1835 ianus
1213 1779 1285 1834 atque

164 1856 246 1919 msam.
267 1854 382 1920 Odrpmm
399 1858 439 1906 vel
451 1858 571 1906 obrussam
583 1873 667 1905 aurum
680 1859 737 1920 quis
748 1865 861 1907 veterum
879 1859 972 1908 dixerit
988 1858 1100 1906 melioris
1116 1857 1202 1917 seculi,
1220 1871 1284 1905 non-

164 1943 224 1989 dum
236 1941 304 1988 novi.
388 1934 398 1947 '¹

199 2021 252 2085 [19‚
266 2020 310 2084 63]
333 2022 424 2071 Tunica
436 2038 512 2071 aurea
525 2023 680 2087 triumphasse
696 2023 849 2086 Tarquinium
861 2023 972 2073 Priscum
991 2023 1090 2074 Verrius
1102 2023 1188 2086 tradit]
1208 2026 1282 2076 Voss.

170 2105 268 2157 Verrius
279 2105 351 2154 docet.

197 2188 261 2239 011,
273 2190 319 2239 IV.
334 2187 386 2250 [ul,
400 2188 444 2251 66]
457 2190 509 2238 Aut
517 2191 647 2255 prypbibus
659 2190 725 2255 apud
734 2190 836 2256 Scyllas
847 2189 947 2253 erutum]
961 2193 1037 2242 Voss.
1050 2193 1194 2242 etPintieni
1206 2194 1283 2257 liber:

163 2280 208 2320 aut
226 2271 294 2336 apud
312 2271 415 2336 Scyllae
433 2276 516 2338 prppis
536 2283 632 2324 erutum.
668 2277 777 2325 Videtur
795 2292 884 2340 prppos
904 2277 998 2327 dixisse
1019 2291 1084 2339 quos
1103 2277 1147 2326 ulii
1170 2276 1282 2340 prypbes,

163 2357 255 2408 Graeci
272 2352 384 2420 γρύπας.
404 2358 457 2407 Nec
474 2359 561 2408 dubito
579 2361 641 2421 quin
658 2361 734 2408 etsie
750 2361 877 2422 scripserit
892 2360 937 2408 lib.
952 2363 974 2420 7,
988 2366 1003 2409 1
1017 2357 1053 2421 [1,
1069 2357 1123 2421 10]:
1142 2358 1283 2408 Praduntur

162 2440 294 2504 Arimaspi,
310 2456 368 2502 quos
384 2439 493 2501 diximus,
510 2457 556 2489 uno
567 2439 633 2490 oculo
645 2441 669 2489 in
679 2442 765 2505 sronte
776 2441 854 2490 medua
865 2442 976 2511 insipnes,
994 2442 1076 2505 quibus
1087 2441 1182 2491 assidue
1195 2441 1280 2491 bellum

163 2538 211 2571 esse
222 2523 287 2572 circa
298 2522 395 2572 metalla
406 2539 457 2572 oum
467 2524 557 2588 pippis.
576 2526 618 2574 lib.
631 2532 669 2587 10,
679 2532 711 2576 te
723 2524 776 2588 [70,
787 2524 846 2587 136]
861 2526 967 2590 Peqasos
982 2525 1066 2590 equino
1082 2525 1160 2590 capite
1177 2525 1283 2576 uolueras

164 2613 187 2653 et
195 2621 290 2669 prypos.

197 2686 287 2750 [Ibid]
304 2688 357 2739 Nec
373 2688 445 2740 ullum
462 2691 590 2741 absolutius
605 2710 691 2742 aurum
706 2701 752 2753 est,
769 2710 839 2743 cursu
858 2691 920 2757 ipso]
939 2695 1016 2744 Voss.
1035 2702 1080 2754 est,
1104 2703 1130 2742 ut
1146 2710 1215 2743 cursu
1232 2694 1283 2758 ipso

163 2771 263 2833 trituque
271 2772 419 2835 perpolitum.
438 2776 540 2825 Habent
551 2785 576 2825 61
587 2777 668 2826 Aced.
681 2778 749 2827 Men.
763 2778 945 2842 Gudianusque
956 2779 1116 2842 perticulam.
1134 2779 1171 2828 Ut
1185 2787 1210 2829 et
1221 2779 1283 2828 Pin·

162 2855 256 2905 denus:
270 2859 313 2906 sed
324 2855 453 2920 praeterea
465 2860 518 2909 eius
529 2861 593 2909 liber
604 2860 740 2924 attrituque.

197 2936 250 3001 [21‚
263 2938 307 3002 66]
329 2938 386 2989 &sm
398 2941 447 2990 iam
459 2943 574 2992 inuentum
587 2944 611 2992 in
622 2943 721 3007 summo]
740 2947 895 2996 Hermolaus
914 2948 1032 2996 observet
1046 2947 1178 3010 antiquam
1193 2947 1283 2996 lectio·
1347 3000 1352 3006 ,

162 3041 221 3075 nem
234 3041 288 3076 esse
299 3042 352 3075 non
363 3042 415 3074 cum
427 3028 483 3089 iam,
500 3030 543 3078 sed
554 3029 650 3092 pummi,
669 3031 740 3092 qnasi
752 3031 803 3078 hoc
815 3045 897 3091 sensu,
916 3032 1093 3080 terramillam
1105 3031 1201 3093 gummi
1214 3031 1283 3080 simi-

161 3109 221 3170 lem,
238 3111 279 3159 cui
295 3111 376 3160 subsit
391 3127 489 3173 curum,
505 3113 533 3161 in
550 3127 650 3163 summo
668 3115 760 3178 cespite
777 3122 902 3177 repertam
918 3115 1004 3163 vocari
1021 3113 1181 3163 alutationem.
1199 3116 1234 3164 nt
1246 3115 1283 3164 sic

162 3208 263 3243 mecum
273 3196 343 3244 Men.
354 3195 436 3244 Aced.
450 3194 516 3246 Gud.
527 3196 617 3260 pummi
627 3196 743 3245 inventum
756 3197 832 3246 estin.
850 3198 926 3247 Voss.
939 3197 1056 3246 cummina
1072 3197 1188 3246 inuentum
1200 3205 1237 3245 est
1247 3198 1280 3246 in.

163 3276 259 3326 Scribe:
276 3285 302 3326 ut
313 3293 386 3339 nuper
402 3278 428 3326 in
439 3277 569 3328 Dalmatia
581 3279 721 3343 principatu
732 3279 844 3342 Neronis,
861 3279 961 3345 sinpulis
977 3279 1057 3329 diebus
1075 3282 1145 3330 etiam
1163 3279 1283 3344 quinqua-

160 3375 235 3421 qenas
246 3358 321 3407 libras
329 3358 437 3420 fundens
448 3377 498 3408 cum
510 3361 637 3422 minimum,
654 3363 770 3412 inventum
782 3364 852 3412 estin
863 3380 951 3413 summo
962 3364 1072 3428 caespite.
1094 3365 1149 3415 Nisi
1167 3371 1192 3414 61
1208 3364 1284 3414 mulis

162 3439 197 3489 ad
207 3441 394 3506 quinquapenas.
407 3443 479 3495 ,Nem
490 3446 606 3507 plerique
617 3452 641 3492 et
651 3445 837 3510 quinquepenas.

197 3523 258 3587 [Ib.]
271 3524 431 3574 Alutationem
443 3534 534 3588 uocant,
546 3527 570 3576 si
580 3536 673 3577 staura
685 3545 714 3577 ea
727 3529 794 3579 tellus
805 3533 888 3580 subest.
902 3527 1023 3580 Caeterum
1035 3540 1122 3581 montes
1133 3529 1284 3595 Hispaniae]

161 3609 237 3659 Voss.
255 3607 389 3657 talutatium
406 3617 490 3657 vocant
503 3610 526 3657 si
539 3618 563 3658 et
578 3627 637 3660 auro
652 3628 669 3661 a
686 3612 753 3662 tellus
768 3615 840 3662 sabae
855 3614 951 3663 sicetero
966 3622 1054 3663 montes
1068 3614 1230 3679 spaniarum-
1242 3616 1285 3666 De

160 3695 243 3757 prime
257 3707 320 3743 voce
336 3694 469 3742 decernere
484 3707 536 3742 non
552 3701 597 3743 est.
626 3694 789 3744 Balncaceum
809 3697 927 3747 veniebat
942 3699 969 3746 in
986 3705 1098 3748 mentem
1114 3713 1129 3746 a
1146 3696 1226 3747 baluee
1242 3701 1286 3749 161

162 3776 248 3826 balnea
264 3779 332 3842 apud
348 3777 486 3837 Iustinum,
508 3786 634 3839 nostrum,
657 3781 808 3829 Martialem.
840 3780 904 3830 Item
922 3779 1057 3830 Alutiatum
1075 3797 1108 3831 ex
1124 3783 1167 3831 lib.
1185 3789 1231 3844 64,
1252 3790 1284 3834 16

162 3857 214 3920 [47,
229 3856 301 3920 157]:
317 3859 342 3908 in
354 3861 459 3909 aurariis
470 3859 579 3921 metallis,
595 3877 656 3924 qaae
667 3861 744 3912 alutia
756 3871 845 3912 vocant.
866 3865 904 3916 Sit
915 3865 999 3926 igitur,
1018 3867 1099 3915 donec
1111 3867 1203 3916 certius
1221 3867 1283 3929 qnid

160 3941 193 3991 sit
204 3950 230 3992 et
240 3945 339 4005 melius,
356 3942 490 3993 Alutiatum
502 3952 593 4006 uocant,
610 3946 633 3992 si
643 3945 667 3993 ei
676 3962 736 3995 auro
747 3955 770 3994 et
783 3946 849 3996 tellus
865 3949 947 3996 subest.
971 3947 1072 3998 Caetera
1089 3955 1177 3996 montes
1187 3948 1283 4012 H'tspa·

160 4024 253 4073 niarum
269 4025 336 4075 aridi
349 4027 497 4092 sterilesque,
513 4037 536 4077 et
551 4029 576 4077 in
593 4029 676 4090 quibus
687 4029 748 4078 nibil
758 4029 828 4079 aliud
840 4031 966 4096 pipnatnr‚
983 4031 1037 4080 duic
1054 4033 1111 4080 bono
1120 4031 1219 4094 fertiles
1234 4049 1285 4082 esse

161 4115 280 4170 coquntur.
298 4112 349 4159 hcc
363 4112 430 4160 enim
441 4121 570 4176 postremo
584 4114 671 4163 ordine
683 4115 709 4163 in
721 4115 857 4166 Vossieno,
876 4117 946 4165 Men.
958 4124 984 4166 et
996 4116 1063 4167 (iud,
1076 4115 1100 4164 si
1109 4123 1132 4163 et
1148 4130 1208 4164 aare
1223 4123 1285 4165 atte-

162 4188 199 4238 lus
209 4192 292 4241 subesi.
310 4194 434 4244 Aoedem.
447 4195 470 4244 si
480 4204 503 4244 et
514 4213 573 4247 auro
585 4196 674 4259 attalus
685 4197 768 4248 suberi.
855 4231 857 4234 >
