2760 4734
129 1983 243 2103 Cum
269 2048 368 2097 anno
396 2025 596 2123 superiore,
629 2033 773 2122 patrem
803 2026 843 2097 in
874 2026 1006 2098 itinere
1038 2024 1245 2114 comitatus,

126 2177 168 2248 in
192 2169 418 2249 monasterio
442 2173 544 2251 TUO
575 2176 841 2273 perlustrarem
867 2175 1024 2267 codices,
1052 2199 1144 2273 quos
1166 2176 1246 2274 plu·

126 2328 243 2401 rimos
270 2338 308 2402 et
334 2329 493 2425 optimos
511 2329 638 2419 habes,
664 2329 802 2402 librum
819 2329 1102 2427 palimpsestum
1120 2327 1247 2427 depre-

126 2481 253 2572 hendi,
281 2482 344 2578 qui
368 2491 521 2579 propter
546 2482 796 2555 venerabilem
814 2507 926 2580 quam
941 2507 1031 2579 prae
1050 2505 1089 2554 se
1106 2482 1249 2555 ferebat

128 2634 388 2731 antiquitatem
412 2633 487 2705 iam
514 2633 562 2705 ad
586 2634 748 2731 primum
766 2635 957 2708 oculorum
984 2635 1155 2708 obtutum
1172 2635 1248 2708 ani-

128 2811 233 2858 mum
264 2785 321 2859 'ad
357 2811 396 2860 se
427 2785 604 2878 advertit,
646 2811 737 2860 mox
766 2812 872 2879 vero,
914 2796 1157 2884 posteaquam
1194 2787 1248 2859 in·

129 2939 239 3036 spexi
260 2940 387 3037 paullo
410 2940 576 3037 propius,
604 2964 751 3013 omnem
776 2940 911 3012 mentis
934 2940 1179 3013 intentionem
1209 2939 1249 3011 in

129 3115 170 3164 se
198 3090 359 3165 defixam
384 3093 524 3166 habuit.
569 3071 669 3168 Cum
696 3094 833 3168 veteris
861 3092 1064 3190 scripturae
1091 3093 1250 3190 vestigia

129 3246 192 3317 vel
227 3269 408 3356 summam
444 3247 636 3321 oculorum
675 3246 790 3320 aciem
825 3245 1046 3344 effugerent,
1087 3246 1250 3319 chemica

130 3406 256 3470 autem
282 3424 376 3496 quae
403 3399 577 3473 dicuntur
608 3399 821 3476 adiumenta
850 3397 898 3470 ad
928 3423 1061 3471 manus
1091 3424 1169 3471 nou
1196 3422 1250 3470 es·

132 3559 227 3641 sent,
258 3552 419 3647 paucula
443 3561 590 3624 tantum
615 3552 740 3644 verba,
774 3576 931 3648 quorum
960 3551 1138 3649 reliquiae
1164 3551 1250 3623 faci-

130 3703 203 3776 lius
220 3704 449 3802 legebantur,
476 3704 657 3802 exscripsi
675 3704 897 3802 domumque
914 3704 1036 3794 retuli,
1063 3730 1136 3802 quo
1155 3728 1250 3776 com-

131 3853 278 3929 modius
304 3857 531 3955 investigare
556 3882 716 3955 possem,
744 3856 793 3930 ad
819 3882 1016 3956 quemnam
1034 3856 1252 3954 scriptorem

131 4009 194 4080 vel
220 4007 268 4081 ad
295 4009 399 4082 cuius
427 4011 617 4108 scriptoris
637 4036 730 4109 opus
747 4011 957 4109 fragmenta
973 4009 1154 4107 rescripta
1170 4034 1251 4107 per·

131 4159 303 4235 tinerent.
330 4159 535 4260 Postquam
552 4189 629 4239 non
653 4164 732 4238 sine
757 4164 885 4238 labore
911 4161 1089 4261 indagavi
1114 4163 1252 4236 librum

1032 4296 1048 4330 s
