2760 4734
175 276 216 337 42
664 290 805 333 onouorr

211 443 269 505 [49,
285 441 330 504 82]
359 442 505 505 Tantumque
522 441 569 489 cim
583 440 713 504 nesapium,
734 446 761 487 ut
773 436 912 501 naquinem
929 438 1012 487 urina
1028 436 1183 501 davalnnt]
1204 438 1306 501 Qum

116 538 164 582 792
177 528 272 577 exarati
285 542 374 576 manu:
386 533 476 573 tantam
489 525 536 573 aim
548 524 674 587 occipiunt
691 525 765 574 Voss.
778 528 869 570 tantm
881 521 930 571 uim
940 520 1040 587 accipi,
1052 530 1084 571 ut
1094 524 1235 589 mnam
1244 524 1307 573 urias

177 609 296 659 detrahat.
314 609 394 672 Belle,
407 610 485 659 modo
498 610 617 671 corrigas,
635 615 724 655 tantam
736 606 783 655 vim
794 604 865 655 amni.
883 604 974 669 Supra
988 602 1048 668 [47,
1064 604 1132 669 77]ι
1147 606 1307 671 Acirim

176 712 206 743 er
217 692 297 742 eadem
309 692 367 741 alba
380 693 445 741 terni.
457 702 491 753 ct,
502 690 618 741 Eiusdem
629 692 710 739 acinos
722 690 821 753 quinque
833 688 908 739 tritos.
919 690 965 739 De
974 692 1056 741 urim
1069 700 1100 741 et
1112 692 1154 743 sic
1164 708 1237 757 supra
1244 688 1306 755 [ἢ]

177 778 281 840 Aquam,
297 792 358 839 quae
374 777 435 825 inter
445 784 519 823 cutem
530 774 635 831 subierit,
650 774 722 822 urina
737 772 815 822 educit
824 772 1006 823 Erasistratus.
1026 774 1076 825 Sic
1094 778 1170 827 enim
1181 786 1207 827 st
1216 776 1307 827 Vuis·

178 878 233 912 nus.
251 862 384 912 Pintisnas
395 861 552 909 scribendam
564 859 742 908 arbitrabatur:
755 864 821 905 tantu
832 856 859 906 ci
867 865 894 905 ut
903 858 1064 922 sanquim

212 946 276 996 cnr.
293 945 341 994 xl.
359 943 413 1005 [or‚
432 942 492 1005 ron]
511 941 622 993 Medeae
639 942 717 989 morto
733 940 798 1005 renio
812 948 835 989 er
849 940 904 1004 ipsa
915 938 1014 991 decocti
1024 942 1082 991 san
1091 939 1168 1007 pou]
1186 944 1308 995 emtum

179 1048 192 1079 c
210 1046 264 1089 suo,
281 1037 303 1077 et
320 1028 374 1092 ipsa
389 1026 485 1077 ‹lecoeto
502 1035 525 1074 et
541 1028 579 1074 ias
591 1034 680 1089 potum.
699 1026 776 1075 Voss.
792 1022 887 1073 decocta
898 1024 949 1073 eius
959 1033 1032 1089 poto.
1050 1027 1142 1091 Lago,
1159 1025 1253 1077 desuem
1265 1026 1308 1075 dn

176 1122 243 1177 pota.

214 1196 272 1258 [62,
290 1195 350 1258 103]
374 1194 451 1245 Sacro
458 1195 531 1256 facto
545 1193 684 1257 priusquam
701 1192 796 1257 leantur
809 1208 873 1255 pane
888 1192 1007 1255 vineam]
1028 1194 1116 1247 Voss.
1132 1211 1198 1259 pm
1213 1196 1308 1259 uiuam.

182 1283 265 1339 Porto,
278 1280 344 1329 tlure
355 1279 460 1342 cinoque.

214 1366 278 1417 Onu.
291 1365 365 1417 XIII.
379 1362 432 1425 [ts‚
452 1360 513 1423 111]
531 1360 633 1423 Ideoque
650 1376 680 1408 es
690 1360 724 1407 cis
735 1376 802 1407 mora
813 1357 851 1407 uel
859 1357 996 1408 bominibus
1006 1360 1093 1425 aton]
1114 1362 1203 1413 Acsd.
1216 1360 1306 1425 Idem

180 1459 202 1497 et
214 1450 314 1498 morosis
327 1446 405 1495 bestiis
416 1446 454 1495 cel
464 1445 601 1494 hominibus.
619 1445 696 1494 Voss.
709 1447 759 1493 duo
776 1451 801 1492 st
812 1442 879 1493 (tud.
896 1450 920 1490 et
930 1458 962 1491 ex
974 1444 1088 1493 moratu}
1100 1446 1187 1497 ouda
1197 1445 1234 1497 usl
1242 1446 1306 1495 lnt-

180 1534 253 1581 ndras.
277 1531 368 1581 Bestiis
384 1539 409 1579 ot
426 1531 522 1580 editum
541 1529 682 1578 inveniebat
697 1528 866 1587 Hermolaus,
887 1528 930 1588 qui
948 1527 1060 1583 delerit.
1088 1530 1158 1594 Opt.
1176 1528 1269 1593 Idaque
1282 1538 1304 1577 et

182 1633 249 1664 mora
270 1615 319 1673 tn,
340 1614 382 1662 loc
402 1622 447 1673 est,
468 1612 506 1661 cel
524 1612 654 1660 hominibus
673 1612 738 1660 cibos
756 1609 829 1659 dedit.
849 1610 991 1661 Pulchrius
1008 1613 1124 1677 utiquo,
1146 1628 1201 1665 non
1218 1624 1305 1665 mutum

181 1700 289 1761 plenius.

215 1781 280 1832 Gna.
293 1781 367 1833 xlv.
381 1778 433 1841 [ta
454 1776 513 1839 121]
532 1776 593 1824 Alio
610 1784 644 1823 est
655 1792 671 1824 a
683 1775 785 1840 cappari
794 1790 865 1838 quam
882 1772 982 1837 medice]
1003 1776 1138 1837 Quamor
1148 1782 1246 1845 mdpri:
1256 1776 1307 1829 Atta

182 1876 216 1913 ost
231 1865 348 1930 capparin
364 1879 443 1927 quarn.
465 1861 618 1912 Hermolaus
635 1861 732 1909 addidit
756 1860 979 1923 praepositionem.
998 1862 1087 1913 Voss.
1106 1870 1162 1911 tota
1176 1862 1229 1913 alsa
1247 1878 1307 1927 qs·

182 1950 285 2013 cappari
299 1945 364 2011 qaod
373 1945 458 1995 medici
468 1946 609 2009 cynosbaton
620 1942 750 2006 appellant.
768 1944 811 1995 sic
822 1944 866 1993 lib.
882 1948 923 2004 20,
941 1948 974 1992 15
988 1940 1047 2005 [59.
1064 1944 1151 2009 1⁶51:
1167 1944 1209 1997 De
1219 1944 1308 2011 oappm'

181 2033 241 2081 ratis
258 2031 360 2080 diximus
377 2030 436 2078 inter
452 2028 625 2077 transmarinos
643 2027 750 2087 frutices.
773 2026 830 2077 Non
846 2024 955 2075 utendum
972 2029 1160 2081 transmarino.
1176 2028 1308 2081 manentia

181 2114 291 2165 Italicum
303 2122 344 2162 est.
357 2115 401 2162 lib.
415 2118 456 2173 25,
468 2119 483 2164 8
497 2111 550 2173 [54,
564 2109 622 2172 96];
634 2111 725 2158 Ferrmt
737 2109 847 2159 bucculas
855 2124 957 2173 parvas,
969 2116 998 2159 ut
1010 2114 1134 2175 cappari.
1148 2114 1194 2167 sie
1204 2116 1278 2165 vo..
1286 2126 1307 2163 ss

181 2200 282 2249 Chiflst.

217 2281 271 2344 [⁷⁵.
286 2281 345 2344 123]
369 2282 487 2339 Quoniam
504 2282 529 2330 in
544 2279 593 2330 Ida
610 2296 656 2327 non
671 2278 735 2328 alias
751 2276 867 2339 nascitur]
886 2278 1033 2330 salmasius
1048 2280 1082 2329 in
1094 2282 1184 2345 EpIst.
1195 2280 1308 2333 (10011111

182 2382 206 2430 p.
224 2373 281 2417 461.
299 2368 383 2418 Plinio
399 2366 574 2416 Dioscoridem
591 2364 709 2426 opponit,
732 2363 776 2425 qni
796 2357 895 2425 πολλὴν
915 2358 946 2409 is
963 2349 1027 2427 ’lov
1049 2358 1209 2427 γίγνεσθαι
1228 2366 1308 2419 mn.

183 2466 260 2513 quum
279 2450 392 2509 Plinius,
414 2450 448 2497 ibi
470 2456 568 2497 tantum
589 2448 667 2496 nasci.
691 2446 741 2496 Sod
757 2460 809 2495 non
826 2445 929 2494 tradidit
943 2444 997 2493 hoc
1017 2445 1139 2498 Plinius.
1163 2464 1226 2499 uum
1241 2446 1308 2501 Gilli-

183 2533 247 2581 aliis.
264 2534 347 2593 Lege:
360 2530 469 2594 quoniam
481 2528 506 2578 in
518 2528 566 2578 Ida
577 2546 622 2577 non
634 2528 697 2577 alius
708 2528 821 2586 nascitur,
833 2536 862 2577 ut
873 2528 1026 2577 Vossianus.

216 2614 273 2676 [76,
292 2612 352 2676 124]
371 2612 398 2661 Is
411 2613 486 2676 floret
502 2629 581 2661 ramos
596 2610 722 2675 syraryens]
741 2614 801 2661 Duo
817 2612 899 2675 prima
918 2612 1047 2661 vocabula
1064 2616 1158 2665 nescit
1173 2614 1309 2667 Vossius!

182 2706 313 2748 contentus
330 2699 435 2747 habore:
452 2696 563 2746 rhamnos
578 2695 714 2759 appellatur
729 2712 746 2744 o
760 2694 868 2756 Graecis,
885 2692 1021 2756 candidior,
1036 2696 1195 2759 smmsior
1205 2706 1229 2747 et
1238 2712 1309 2747 mos

181 2797 303 2845 sparyens.
322 2780 437 2841 Qastuor
453 2781 496 2828 alii
514 2788 601 2829 tamon
613 2781 710 2843 aliquid
727 2780 880 2829 infuscatam
891 2781 1033 2829 ostendunt
1043 2782 1218 2835 cxhibsnao:
1235 2778 1309 2831 udi·

182 2865 235 2913 dior
249 2865 331 2923 frutex
348 2864 368 2912 is
375 2864 459 2927 floret.
476 2864 589 2913 Pintinni
606 2867 701 2913 codoxr
718 2861 844 2912 candidior
860 2871 883 2910 et
890 2862 1037 2926 fruticosior
1051 2870 1080 2911 st
1097 2882 1185 2915 ramos
1199 2880 1308 2931 sparum

182 2950 272 2999 erectis.

216 3032 278 3096 [Its]
296 3032 367 3081 Alter
385 3031 425 3081 ille
440 3029 566 3080 candidior
582 3028 724 3093 adstrinqit]
743 3030 785 3079 Sic
800 3030 875 3090 Pius,
887 3044 947 3077 cum
962 3028 1111 3091 legantur:
1130 3030 1249 3097 Alternus
1263 3030 1306 3081 ills·

182 3120 284 3181 Menap.
302 3116 372 3165 aliter
387 3114 427 3165 ille
443 3112 574 3163 candidior.
595 3115 672 3164 Voss.
695 3110 742 3161 Ille
758 3120 834 3160 autem
851 3110 982 3161 candidior.
1006 3112 1079 3163 Vuis
1095 3116 1132 3165 nd
1148 3116 1253 3167 Livium
1267 3114 1306 3165 lib

181 3206 222 3262 ³5,
235 3208 275 3251 40.

216 3284 269 3345 [⁷s‚
289 3281 348 3344 128]
373 3280 430 3331 Cam
452 3282 504 3330 vino
526 3288 579 3328 tusa
598 3280 661 3328 sistit
678 3277 810 3342 sturiones]
837 3281 914 3330 Voss.
935 3274 1026 3327 dulcem
1046 3282 1225 3333 mmmm
1244 3280 1304 3331 sistit.

182 3368 339 3417 Scribebsm:
356 3381 407 3413 cum
418 3362 522 3427 quodam
534 3362 665 3412 acrimonia
677 3361 774 3423 dulcem,
788 3378 939 3427 summosam
956 3362 1002 3411 lib.
1016 3368 1057 3425 lu,
1073 3370 1106 3414 11
1122 3362 1179 3427 [20,
1193 3364 1252 3429 ⁶71:
1268 3364 1305 3415 II!

182 3457 204 3498 et
216 3466 245 3497 ex
256 3448 385 3497 sarcocolla
403 3445 451 3507 (ito
462 3457 559 3497 vocatur
576 3445 661 3509 orbor)
676 3446 776 3510 yammis
787 3446 912 3495 satanan
919 3445 1052 3509 pictoribus
1063 3454 1090 3495 et
1100 3446 1211 3511 suediam,
1225 3446 1303 3499 similit

181 3532 268 3596 pollini
278 3531 361 3592 tiaris,
378 3540 401 3579 et
412 3530 465 3579 ideo
480 3530 584 3580 candida
600 3548 671 3594 quam
689 3532 747 3594 rusa
762 3530 852 3579 melior.
870 3532 912 3581 sio
928 3532 996 3579 onim
1007 3530 1178 3583 scribendum
1189 3532 1302 3583 diximm

183 3618 322 3668 Conlimnat
343 3619 414 3679 «laod
434 3619 464 3666 do
484 3618 572 3667 codem
593 3617 680 3665 scribit
695 3615 857 3665 Dioscorides
873 3622 902 3675 8,
919 3618 961 3663 99.
982 3608 1116 3662 doloris-ae
1133 3610 1170 3663 dl
1186 3612 1302 3677 κόμμος

182 3698 253 3767 αὐτῇ
260 3697 433 3764 μιγνυμένου.
455 3700 618 3750 Vocabulum
635 3700 715 3748 habes
730 3700 774 3748 lib.
793 3704 833 3759 12,
845 3704 860 3747 9
871 3696 925 3759 [19,
941 3694 1001 3759 36]ι
1017 3694 1133 3747 Indiam
1149 3696 1272 3749 humidius
1284 3704 1303 3745 sl

183 3800 332 3849 frammosum.
355 3784 406 3833 Ubi
427 3785 502 3833 ctiam
527 3783 601 3834 chifl.
621 3782 984 3846 nonagensimum.
1005 3780 1093 3831 Acuti.
1115 3782 1187 3835 (iad.
1204 3786 1301 3849 Mensa

184 3868 360 3931 oanninosum.
380 3868 424 3916 lib.
442 3872 486 3926 22,
503 3871 518 3914 9
537 3864 593 3926 [11,
612 3863 656 3926 24]
670 3865 740 3927 soliis
756 3865 881 3927 echinus,
894 3863 1023 3929 pinquilus
1040 3872 1153 3931 metuque
1169 3866 1301 3931 sumunda

186 3952 258 4001 Voss.
274 3950 405 3999 cuminosis.
423 3951 468 3999 lib.
485 3956 525 4009 26,
543 3956 557 3999 8
572 3948 624 4010 ltu,
643 3948 686 4011 60]
704 3951 768 3998 airus
784 3948 890 3999 redolens
903 3964 1058 4010 nummum,
1075 3964 1094 3998 a
1110 3948 1236 4011 (inienio,
1250 3966 1302 4003 cun

183 4046 249 4087 osset
260 4036 414 4099 suminosum.
433 4035 508 4086 chifl.
525 4034 701 4098 yumrninosunr.
719 4036 794 4085 Voss.
809 4035 980 4083 summinosum.
1003 4034 1107 4096 Andeg.
1124 4040 1153 4083 st
1167 4034 1253 4085 Acuti.
1268 4050 1303 4083 ss·

183 4118 244 4166 nino
259 4120 309 4169 sab.
328 4120 400 4181 Quas
416 4128 539 4185 perpetua
554 4118 661 4168 varietas
677 4120 831 4182 optimorum
843 4126 869 4169 et
879 4117 1044 4168 mediocrium
1054 4118 1178 4169 wdicum
1193 4118 1265 4181 iacit,
1278 4130 1303 4169 ut

184 4204 237 4265 ipso
248 4204 346 4254 Plinius
358 4206 408 4255 hoc
419 4204 545 4255 vocabulo
557 4205 593 4254 sic
604 4202 714 4255 formsto
726 4220 787 4255 usas
801 4204 923 4266 viduatur,
937 4200 1105 4267 qunnisosus.
1120 4216 1186 4253 narn
1198 4212 1227 4255 st
1240 4218 1302 4269 μ·
