2760 4734
123 301 230 342 xxxvr
350 286 360 301 ⁸
560 296 804 339 rnousoousus.

122 461 270 535 pacatam
292 470 322 531 p.
348 447 419 521 120,
443 447 472 520 2,
496 447 609 508 demnis
633 467 664 528 p.
688 438 764 518 125,
777 443 826 519 25,
847 445 1031 527 9195661161·
1052 466 1088 528 p.
1108 444 1187 521 155,
1205 447 1252 520 24,

124 563 168 622 im
190 581 221 642 p.
246 557 316 631 185,
339 555 390 629 26,
413 565 508 617 tcmto
531 576 561 638 p.
583 553 654 627 215,
678 554 728 629 26,
751 564 881 616 tamtum
903 574 935 636 p.
953 553 1024 630 191,
1042 554 1085 618 18
1108 564 1175 618 cet.

165 665 330 752 Negleotis
359 674 465 728 autern
495 661 584 749 siglis
613 661 720 726 omisit
746 661 831 726 idem
862 661 1005 748 singulas
1028 662 1190 745 syllabas,
1218 675 1253 728 ut

80 850 86 857 ¹
126 780 193 860 67.
220 799 251 860 p.
274 796 359 837 xxm
384 771 632 837 observavimus.
674 769 820 853 Namque
846 780 969 835 constat
994 784 1123 836 veteres
1161 772 1250 860 siglis

71 864 74 869 .
126 884 278 949 adhibitis
305 904 364 967 pro
383 885 492 970 fecere
512 884 601 967 fere,
634 902 692 965 pro
718 883 827 965 paneri
851 885 921 967 pari
947 881 1120 967 scripsisse
1150 883 1250 966 (conf.

125 996 235 1080 Kopp.
257 991 510 1077 Palaeographia
533 991 651 1054 critica.
667 989 706 1053 Τ.
722 989 749 1052 Ι.
771 1012 803 1074 p.
819 992 891 1055 289.
908 988 997 1074 284),
1018 1011 1105 1074 quae
1125 992 1249 1058 formae

126 1105 205 1168 etin
217 1101 396 1166 Veronensi
411 1101 529 1176 codice,
541 1112 576 1163 ut
591 1098 761 1163 afferamus
778 1122 858 1184 pera
877 1122 936 1184 pro
949 1123 1067 1185 perrara
1082 1124 1106 1188 p
1130 1104 1208 1180 221,
1223 1106 1248 1179 1,

124 1224 303 1276 recurrunt.
347 1208 437 1297 Sigla
465 1231 592 1294 quoque
620 1208 834 1292 antiquarium
867 1209 1027 1273 interdurn
1060 1232 1127 1275 non
1160 1222 1248 1278 recte

125 1331 302 1388 assecutum
326 1342 396 1384 esse
419 1341 517 1403 supra
539 1325 553 1402 1
576 1322 606 1381 7.
628 1342 660 1403 p.
683 1340 766 1381 xx1v
787 1318 1086 1384 demonstravimus.

173 1430 351 1515 Archetypi
369 1429 582 1492 conditionem
601 1450 621 1490 a
639 1428 746 1493 codice
762 1427 921 1512 rescripto
937 1428 1024 1493 haud
1042 1430 1185 1495 multum
1199 1430 1247 1495 di-

125 1565 250 1607 versam
265 1539 441 1614 oredimus3
455 1559 525 1602 eam
540 1539 625 1602 enim
640 1550 768 1602 secutus
784 1549 832 1602 est
847 1539 903 1623 qui
917 1538 1071 1615 exaravit,
1084 1559 1159 1603 cum
1176 1562 1247 1604 ean·

126 1650 197 1714 dem
224 1650 349 1713 literam
377 1649 411 1710 in
437 1648 500 1711 fine
530 1671 640 1712 versus
662 1648 883 1733 praecedentis
906 1661 937 1713 et
958 1648 1048 1713 initio
1071 1650 1248 1731 sequentis,

126 1759 152 1824 si
176 1758 365 1823 vocabulum
395 1755 436 1820 ab
459 1756 520 1821 alia
541 1756 581 1820 ad
605 1757 698 1822 aliam
720 1758 837 1821 lineam
859 1756 1166 1833 traduceretur,'bis
1188 1779 1246 1844 po-

127 1879 216 1931 neret
245 1880 340 1950 atque
367 1867 428 1930 hoc
456 1866 549 1929 modo
578 1866 673 1930 etiarn
700 1868 732 1930 in
759 1867 864 1931 media
885 1867 970 1932 linea
992 1867 1032 1931 de
1055 1878 1197 1932 exeunte
1218 1878 1248 1932 et

126 1978 294 2041 inchoante
323 1999 417 2040 versu
444 1976 609 2061 archetypi
640 1975 817 2062 duplicatas
839 1976 1036 2041 describeret
1056 1976 1167 2043 literas
1190 1999 1247 2063 pro

126 2086 236 2152 unica:
258 2090 419 2150 immittam
431 2107 490 2170 pro
501 2090 650 2151 immitem
664 2111 696 2171 p.
711 2089 781 2163 124,
795 2088 846 2163 20,
860 2088 933 2150 aliis
944 2110 1003 2171 pro
1016 2089 1076 2151 alis
1092 2110 1125 2172 p.
1136 2090 1188 2164 11,
1197 2089 1246 2164 22,

127 2199 244 2261 rettulit
271 2219 302 2282 p.
329 2199 400 2274 199,
424 2198 475 2274 23,
507 2198 679 2260 barabanes
701 2219 733 2281 p.
758 2198 809 2272 62,
832 2198 883 2272 23,
912 2199 1061 2282 cobliqaa
1083 2221 1116 2283 p.
1140 2199 1193 2274 36,
1217 2199 1245 2274 9,

129 2311 227 2371 ommi
248 2330 306 2391 pro
330 2310 415 2370 omni
436 2330 468 2391 p.
485 2307 536 2381 24,
552 2306 603 2381 25,
633 2308 834 2371 aeschriooae
855 2329 887 2392 p.
905 2309 976 2384 182,
994 2310 1024 2384 2,
1048 2290 1246 2393 ’ίναρααοαη-

128 2419 213 2480 tlmm
235 2439 265 2500 p.
285 2418 356 2492 164,
374 2418 424 2492 12,
448 2425 505 2479 cet.

170 2525 241 2588 Iam
261 2525 295 2587 in
310 2524 483 2608 archetypo
498 2523 696 2607 antiquarius
710 2526 870 2589 interdum
885 2526 966 2590 duas
980 2525 1144 2590 invenisse
1159 2525 1246 2590 vide·

129 2645 181 2698 tur
194 2634 357 2709 lectiones,
368 2655 448 2716 quas
463 2645 611 2718 utrasque
626 2635 837 2720 transcripsit,
848 2646 884 2698 ut
899 2635 1069 2699 afferamus
1084 2635 1245 2721 exempla:

129 2748 218 2808 tertio
236 2747 345 2830 portio
368 2766 400 2828 p.
418 2745 468 2820 56,
486 2745 514 2820 6,
537 2746 623 2808 illias
638 2747 703 2809 illia
725 2769 756 2830 p.
774 2747 845 2823 130,
863 2748 915 2822 21,
937 2745 1121 2832 appellatur
1136 2747 1246 2832 appel·

131 2857 210 2919 term
230 2877 261 2938 p.
278 2856 329 2930 42,
348 2855 375 2928 1,
404 2854 517 2916 similia
539 2857 656 2919 similes
678 2879 708 2940 p.
726 2857 776 2931 51,
793 2856 823 2930 8,
851 2877 932 2938 quae
960 2878 1023 2919 non
1054 2877 1246 2940 supervaca-

129 2985 205 3027 neas
227 2961 432 3046 repetitiones
447 2963 671 3029 vocabulorum
694 2965 760 3027 sive
782 2975 1051 3050 paragrammata,
1074 2965 1130 3030 sed
1145 2965 1247 3031 ambi·

130 3095 227 3158 guam
253 3071 407 3136 habemus
435 3072 612 3137 lectionem.
646 3073 726 3136 Inde
758 3073 902 3137 conicere
934 3075 1009 3139 licet
1035 3075 1099 3138 iarn
1131 3075 1167 3140 iu
1195 3076 1248 3140 illo

130 3181 353 3264 antiquissimo
381 3181 463 3246 libro
493 3183 722 3247 emendationis
749 3184 891 3269 pericula
916 3183 999 3249 facta
1029 3185 1138 3249 fluisse.
1180 3185 1249 3251 Nec

129 3292 236 3356 minus
261 3291 294 3353 in
323 3312 360 3353 eo
385 3291 515 3355 lacunas
543 3292 908 3377 extitisse‘suspioamur
929 3293 962 3356 in
984 3293 1045 3358 illis
1066 3294 1164 3372 locis,
1193 3294 1250 3359 ubi

131 3400 255 3465 numeri
276 3399 415 3484 ponendi
438 3413 537 3464 erant.
566 3400 649 3465 Nam
671 3424 772 3466 vacuo
795 3404 899 3487 spatio
926 3404 1037 3468 relicto
1064 3404 1171 3469 omisit
1195 3405 1251 3489 qui

131 3521 276 3574 nostrum
304 3509 494 3594 conscripsit
521 3512 683 3598 exemplar
711 3534 876 3589 numeros,
912 3525 948 3576 ut
976 3514 1162 3578 afferamus:
1198 3537 1250 3578 oe·

132 3643 168 3683 ro
245 3622 350 3682 stadia
371 3641 429 3704 pro
450 3642 521 3682 vero
546 3609 620 3684 bina
635 3624 741 3685 stadie
757 3644 788 3705 p.
805 3624 856 3698 88,
873 3624 902 3698 6,
1107 3626 1252 3689 iocinera

131 3751 190 3813 pro
212 3728 287 3791 bina
308 3730 448 3792 iocinera
468 3754 499 3814 p.
515 3732 546 3806 4,
562 3733 612 3793 21.

178 3835 305 3918 Quibus
327 3836 474 3902 omnibus
497 3840 665 3926 perpensis
687 3839 773 3903 haud
794 3842 889 3926 longe
912 3865 931 3906 a
952 3842 1086 3907 veritate
1102 3842 1254 3910 aberrare

134 3943 228 4011 nobis
260 3943 421 4023 videmur,
456 3948 483 4010 si
510 3949 615 4033 ipsum
644 3948 850 4034 archetypum
884 3953 984 4017 altero
1012 3963 1085 4038 post
1116 3949 1195 4018 Chr.
1220 3978 1252 4019 n.

136 4055 260 4119 saeculo
282 4054 435 4140 scripturn
458 4056 558 4121 fuisse
580 4054 737 4140 ponimus.
