2760 4734
123 332 256 372 XXXVIII
564 327 812 369 Pnomeomt.

125 478 221 543 tiores
244 490 330 554 sunt,
351 476 507 560 quasdam
530 489 636 540 tamen
657 475 751 559 quasi
771 496 867 538 susas
889 473 966 536 dunt
985 473 1028 536 sd
1049 475 1258 562 investigan-

125 589 214 665 dum,
236 586 396 671 quomodo
417 584 459 650 ab
480 584 660 671 archetypo
679 585 839 673 originem
860 584 1020 648 duxerint.
1042 583 1132 649 Nam
1149 585 1190 649 in
1203 607 1257 650 ao·

125 698 251 764 dicibus
279 697 411 762 alterius
439 696 579 760 familiae
611 717 736 760 errores
763 693 924 759 sarrlsendi
951 693 1038 759 obvii
1066 706 1164 773 sunt,
1202 694 1257 781 qui

124 809 265 896 produnt
296 807 369 871 illos
394 805 494 870 libros
521 806 562 870 de
588 805 696 870 aodiee
728 803 958 890 langobardica
988 826 1088 868 manu
1122 816 1257 870 exarato

127 917 335 1004 transcriptos
357 939 445 994 esse,
472 939 546 981 cum
568 915 757 999 saepissime
779 939 795 978 s
815 936 877 999 pro
897 940 916 978 r
937 912 1122 991 exhibeant,
1144 926 1186 978 ut
1208 915 1255 980 sf-

125 1031 280 1094 feramus:
296 1028 458 1114 proplide
479 1048 540 1111 pro
548 1026 709 1111 psophide
729 1022 854 1110 legitR
875 1022 930 1088 lib.
945 1021 1029 1087 XII.
1048 1027 1064 1108 5
1080 1026 1156 1102 127,
1179 1025 1256 1090 item

126 1163 160 1204 se
187 1141 306 1203 dia-isse
332 1159 393 1223 pro
418 1138 594 1211 reticuisse,
622 1157 706 1218 quae
732 1133 844 1198 literae
870 1158 886 1197 s
913 1145 990 1198 etr
1015 1133 1050 1196 in
1076 1133 1254 1221 langobar.

127 1249 201 1312 dies
228 1247 389 1332 scriptura
415 1244 477 1310 sibi
506 1244 684 1309 simillimae
709 1265 730 1306 s
755 1242 888 1308 librario
915 1243 1022 1308 minus
1042 1242 1196 1332 diligenti
1224 1256 1254 1311 et

128 1358 304 1424 exercitato
331 1356 425 1422 facile
452 1353 703 1421 confunduntur.
739 1351 868 1417 Deinde
896 1351 971 1416 libri
997 1352 1044 1418 illi
1070 1376 1151 1418 mss.
1179 1377 1252 1422 ess·

128 1468 202 1533 dem
223 1465 343 1531 hebent
363 1465 494 1552 linguae
515 1463 655 1528 rustiese
675 1462 805 1540 formas,
828 1483 909 1545 quus
930 1462 972 1526 sd
985 1462 1138 1550 gallicam
1156 1465 1252 1530 cisat.

127 1577 240 1664 pinam
262 1575 314 1640 vel
335 1572 649 1640 celto-britannicam
670 1571 855 1638 referendas
876 1594 948 1637 esse
962 1572 1136 1638 dialectum
1156 1597 1254 1660 supra

128 1685 416 1751 demonstravimus
434 1687 449 1768 5
466 1684 497 1748 8.
515 1704 548 1766 p.
561 1705 647 1745 mx
660 1704 727 1766 seq.
748 1680 886 1767 Scripsit
903 1682 988 1746 enim
998 1681 1110 1748 0011Ιί
1123 1683 1252 1748 1111.Χ1

129 1798 222 1881 5182
245 1798 370 1859 coeteris
385 1816 445 1878 pro
461 1797 581 1870 ceteris,
603 1793 675 1856 eod
689 1815 709 1855 s
728 1791 784 1856 lib.
799 1791 881 1856 XV.
904 1794 976 1877 529
997 1796 1176 1859 iamsaeum
1195 1817 1254 1881 pro

128 1909 320 1969 isamsnsum
341 1904 364 1967 i.
386 1926 414 1966 e.
437 1927 630 1979 samsncum,
658 1902 728 1967 uod.
749 1902 772 1965 d
791 1900 848 1966 lib.
869 1899 935 1966 XI.
962 1906 979 1987 5
1000 1904 1063 1967 262
1083 1907 1253 1971 ἰνίπυονίσο

129 2036 189 2100 pro
207 2016 376 2102 treverico,
399 2013 469 2077 uod
490 2011 521 2075 R
540 2011 598 2077 1111.
619 2009 720 2074 XIII
744 2015 760 2096 5
782 2012 823 2075 67
843 2013 989 2098 sanipirs‘,
1011 2011 1105 2076 codd.
1124 2012 1183 2092 13¹,
1204 2013 1255 2079 Β*

128 2121 185 2188 hl).
200 2121 265 2186 XL
281 2126 296 2207 5
313 2123 374 2188 105
389 2123 570 2187 duellandi
580 2143 640 2207 pro
662 2121 852 2197 debellandi,
875 2120 945 2184 uod.
960 2119 993 2184 R
1005 2120 1062 2185 lib.
1076 2119 1145 2186 XI.
1161 2126 1177 2207 5
1193 2122 1254 2187 166

129 2234 335 2296 incensimnm
363 2253 423 2317 pro
443 2235 641 2306 vicesimum,
669 2229 740 2293 eod.
761 2228 784 2291 d
808 2228 864 2293 lib.
886 2228 951 2292 XI
979 2232 1006 2313 5.
1029 2232 1094 2295 226
1120 2235 1256 2298 tramitti

130 2363 190 2426 pro
207 2345 389 2418 transmitti,
412 2340 504 2404 uode
519 2339 550 2403 T
556 2339 578 2402 d
598 2337 655 2401 lib.
669 2337 735 2401 XI.
756 2340 783 2421 5.
798 2340 860 2402 241
883 2351 1015 2425 aquaem
1033 2361 1093 2425 pro
1113 2354 1255 2419 amm,

132 2450 204 2514 cod.
227 2472 247 2512 s
267 2448 324 2513 lib.
346 2447 428 2511 XII.
453 2451 468 2532 5
491 2449 553 2510 116
574 2448 743 2511 tralucido.

173 2559 341 2625 Postremo
363 2557 492 2623 codices
511 2555 558 2619 illi
579 2554 742 2639 antiquam
762 2556 877 2622 imitati
896 2559 1129 2646 suntlingunm
1143 2561 1265 2632 archen

132 2668 204 2752 typi
226 2666 412 2745 scultendo,
438 2675 476 2728 ut
496 2665 678 2742 afferamus,
699 2665 810 2730 codiee
829 2666 862 2731 R
880 2666 937 2731 lib.
958 2667 1025 2732 xl.
1047 2672 1064 2753 5
1085 2671 1146 2734 271
1168 2673 1258 2759 feeit

132 2798 192 2862 pro
204 2777 302 2863 feeit,
329 2775 385 2840 lib.
406 2773 505 2838 XIII.
528 2776 544 2857 5
563 2776 606 2839 36
628 2777 766 2859 avulso„
782 2774 839 2840 lib.
859 2775 925 2839 XI.
952 2779 969 2860 5
993 2779 1056 2843 245
1077 2780 1257 2860 dexteram,

132 2884 189 2949 lib.
207 2883 309 2948 XIII.
332 2888 348 2969 5
369 2885 411 2949 25
433 2885 645 2962 salurnitana,
667 2907 727 2949 nee
747 2884 865 2962 minus,
887 2885 944 2950 ubi
964 2888 1159 2972 compendia
1177 2891 1258 2956 sari·

133 2994 232 3060 bendi
252 2994 286 3057 in
307 2993 482 3080 exemplari
503 3004 631 3058 vetusto
645 2994 765 3058 omissa
778 2993 917 3072 fuerant,
939 2995 1154 3062 maduxerunt
1169 3000 1258 3067 eius-

135 3103 209 3169 dem
228 3103 398 3169 leetionem
419 3103 453 3166 in
475 3103 627 3180 deterius,
648 3113 686 3166 ut
707 3102 778 3167 eod.
799 3101 832 3166 R
851 3102 908 3167 lib.
929 3102 995 3168 XI.
1019 3109 1035 3190 5
1054 3105 1116 3170 261
1140 3132 1259 3196 ampu-

135 3215 252 3278 tatslms
271 3235 331 3299 pro
352 3213 588 3298 amputantibus
608 3211 743 3276 mutavit
762 3213 796 3275 in
818 3217 999 3298 amputatis.

178 3319 366 3406 Sequuntur
386 3320 579 3385 1101111111ιά
598 3322 787 3407 plerumque
807 3321 977 3388 lectionem
998 3325 1121 3410 primae
1140 3349 1262 3396 manus
1296 3328 1300 3335 '

136 3431 336 3497 Veronensis
357 3430 494 3508 audisis,
521 3452 621 3514 quere
647 3429 777 3515 probari
802 3451 898 3515 posse
918 3432 1046 3498 videtur
1066 3434 1139 3501 illas
1162 3438 1261 3506 eodd.

136 3541 347 3625 archetypum
367 3538 519 3605 habuisse
540 3540 612 3604 sliis
633 3539 720 3606 auris
741 3539 953 3606 emendatum

179 3649 262 3715 Inde
294 3649 500 3734 perducimur
532 3649 573 3713 sd
605 3649 666 3721 hoo
699 3649 845 3717 codicum
871 3649 1092 3718 Plinianorum
1122 3665 1265 3727 etenum

137 3758 410 3825 constituendum
