2760 4734
469 292 574 334 aaran
590 293 633 333 aa
648 292 730 334 inin.
746 291 865 332 xxxin.
1190 273 1228 332 77

143 444 200 508 [2],
221 441 264 505 70]
283 442 319 492 Et
335 443 468 506 opprimunt
489 441 622 505 operariae]
642 443 717 492 Voss.
734 459 759 506 p.
778 458 811 491 m.
830 438 950 504 iperatos:
970 442 1014 490 red
1035 441 1133 490 duabus
1154 456 1230 504 supra

107 528 216 580 literulis
228 527 302 590 pictis
314 528 441 590 posterior
452 542 542 576 manue
561 528 671 577 ostendit
687 526 806 576 maluisse
823 532 953 588 operantes,
970 531 999 572 ut
1014 533 1053 574 eet
1068 526 1094 573 in
1106 524 1229 574 Academ.

108 613 230 664 Gadiano
247 618 273 660 et
288 610 392 673 Menap.
421 611 539 659 Frustra:
562 618 676 658 tencmnu
697 612 764 659 onim
784 616 863 668 vetuo,
885 609 979 671 quippe
1000 623 1088 658 sensus
1108 610 1229 669 eiusdem,

106 697 211 760 propria
223 697 332 757 quodum
345 694 418 744 huius
430 694 498 743 verbi
511 694 616 742 renone.
634 693 678 742 lib.
692 699 733 753 26,
747 699 762 742 2
774 690 809 753 [6,
825 689 883 752 11]
896 689 985 740 Sedere
996 706 1096 752 namque
1108 690 1134 739 in
1146 689 1231 740 eolalie

107 789 218 845 opermos
228 779 324 843 qratiuo
335 793 406 840 quam
423 777 458 825 ire
472 793 517 840 per
533 774 678 825 solitudines.
696 777 785 838 Neque
802 777 875 825 aliter
890 775 916 824 in
929 781 952 823 2.
965 775 1073 823 Acneid.
1087 773 1194 838 [petinet
1207 783 1230 837 3,

109 871 158 915 135
168 862 248 928 eqq.]:
259 863 320 910 eicco
332 858 459 909 subductae
471 858 538 907 litore
552 874 651 923 puppee.
672 857 799 908 Cannabiie
809 859 920 920 arvaque
932 857 997 905 novio
1009 865 1108 920 operata
1118 858 1231 908 iuventae.

107 947 169 995 Iura
181 944 305 1008 domoeque
316 943 412 993 dabam.
435 944 556 1005 Horatius
568 944 612 993 lib.
628 950 649 992 ].
662 945 735 1006 epist.
750 951 764 992 2
778 941 847 1004 [29]
864 941 894 990 In
906 949 957 991 cute
969 939 1077 989 curanda
1090 939 1146 1004 plue
1157 957 1231 1004 aequo

109 1037 212 1094 operata
224 1029 338 1077 iurentur.
357 1030 381 1078 id
394 1036 439 1087 est,
452 1043 568 1090 operans,
581 1028 737 1090 impraesens
749 1032 881 1089 occupate.
899 1026 989 1075 Haesit
1005 1027 1031 1072 in
1048 1025 1098 1074 hoo
1113 1025 1189 1074 verbo
1206 1033 1231 1075 et

107 1116 145 1164 M.
162 1114 268 1163 Zuoriue
286 1114 317 1162 ad
335 1114 438 1161 tertium
455 1111 576 1159 annalem
594 1108 661 1173 [cap.
679 1108 724 1171 43]
743 1110 834 1160 Taciti.
864 1108 980 1172 Operatos
996 1118 1021 1158 et
1038 1109 1103 1157 liber
1114 1109 1230 1170 Pintiuni,

107 1201 177 1262 quod
188 1197 232 1247 ille
243 1195 337 1245 sturme
348 1203 430 1244 mutet
440 1196 468 1243 in
479 1209 572 1256 operae.

143 1279 196 1343 [2],
211 1277 253 1340 72]
272 1280 387 1341 Dantque
402 1278 494 1341 ciqnum
512 1277 596 1325 ruinae
609 1291 706 1338 eamque
717 1274 780 1324 aolus
791 1274 903 1339 intelliqit
914 1276 939 1343 in
951 1276 1070 1324 cacumine
1086 1274 1170 1323 montio
1181 1275 1231 1322 eiua

77 1352 82 1368 ⁸
105 1360 220 1427 peroiqil]
237 1364 313 1412 Voss.
330 1360 373 1410 dat
387 1362 479 1424 oiqnnm
496 1360 636 1422 ruinamque
650 1357 714 1407 eolus
731 1359 773 1408 int.
791 1359 881 1408 iaaac.
899 1359 948 1406 eiua
964 1357 1049 1406 montis
1065 1355 1131 1420 nipil.
1148 1357 1230 1406 Aced.

108 1462 212 1511 quoqne
227 1461 257 1496 uc
274 1446 341 1496 Gud.
368 1445 552 1508 Menapiuuquc
568 1443 662 1491 ruinam
681 1452 708 1493 et
722 1442 789 1506 aiqil.
817 1443 909 1492 Forte:
928 1442 1031 1491 Peracto
1048 1456 1116 1504 opere
1131 1440 1231 1490 caumes

100 1530 225 1592 fornicum
241 1532 272 1578 ab
287 1527 368 1577 ultimo
384 1525 497 1577 caedunt:
518 1525 545 1574 id
559 1527 649 1590 Quum
666 1526 762 1587 ruinae,
784 1525 848 1590 quod
862 1524 925 1574 eolus
943 1525 1055 1590 intelliqit
1070 1525 1095 1574 in
1112 1525 1231 1574 cacumine

108 1614 194 1662 mantia
206 1614 254 1661 eius
265 1612 330 1676 aiqil.

143 1696 196 1760 [2],
210 1695 253 1758 73]
272 1695 321 1746 Hie
333 1711 386 1744 noce
397 1696 473 1744 ictuae
484 1703 578 1759 repente
590 1694 714 1758 operarios
731 1694 840 1743 revocari
856 1693 925 1753 iubet,
941 1694 1078 1756 pariterque
1095 1693 1145 1756 ipre
1162 1692 1231 1742 deoa-

109 1778 156 1842 lat]
179 1782 256 1830 Voss.
272 1779 322 1829 Hic
337 1786 418 1827 vocent
433 1779 509 1827 ictuue
526 1777 611 1827 uocari
628 1777 691 1826 iubet
710 1793 841 1841 operasque
861 1776 911 1840 ipse
932 1775 1034 1825 devolat.
1060 1778 1141 1826 Acud.
1163 1776 1230 1827 Gna.

109 1865 179 1913 Men.
191 1862 229 1911 tic
244 1878 298 1910 voca
313 1877 369 1909 neue
385 1860 468 1909 uocari
483 1861 545 1908 iubet
560 1874 691 1922 operasque
707 1859 757 1921 ipae
768 1857 870 1907 deoolot.
887 1858 972 1906 Locus
984 1857 1093 1907 afflictus
1105 1867 1131 1907 et
1144 1860 1231 1921 despe·
1245 1863 1293 1908 818

109 1955 187 1997 ratur.
206 1947 257 1997 Sed
268 1955 355 1996 tomen
366 1944 457 1992 lectiae
469 1958 554 2005 operae
566 1939 647 2003 (quod
660 1949 687 1989 ot
698 1940 762 1989 libor
773 1938 898 2001 Pintieni)
911 1955 988 2002 qaum
1005 1941 1134 2003 operariae.
1151 1944 1231 1993 Forte

110 2032 187 2080 etiam
199 2045 253 2078 noce
266 2028 385 2077 tinnituoe.
1138 2080 1141 2087 ι

145 2112 207 2176 [Ib.]
228 2113 299 2162 Mona
309 2112 409 2176 fractas
421 2109 486 2158 cadit
501 2125 514 2157 e
530 2106 591 2170 rere]
610 2110 684 2158 Voce.
698 2119 723 2159 et
735 2109 802 2159 Gad.
815 2110 845 2156 ab
857 2123 914 2157 sese.
933 2109 1013 2158 Acud.
1027 2117 1053 2158 et
1064 2109 1134 2158 Man.
1147 2124 1163 2156 a
1174 2125 1230 2158 aeee.

109 2198 188 2260 Lege,
200 2198 226 2246 in
237 2212 292 2245 seee.
310 2196 438 2255 Lucanus,
450 2191 480 2242 In
492 2209 517 2240 ee
529 2207 618 2256 mapna
629 2200 707 2241 ruunt.
724 2193 859 2242 Pintianus
871 2208 888 2238 a
898 2207 948 2239 oeae
961 2191 1035 2254 lanpe.

145 2280 206 2343 [Ib.]
230 2281 353 2341 Tantaque
369 2276 404 2326 ad
416 2275 525 2341 pericula
541 2274 669 2325 evincenda
678 2275 735 2338 fnit
749 2275 810 2324 satir
826 2273 924 2336 caueae]
944 2275 1020 2324 Voss.
1036 2274 1145 2336 pericula
1161 2284 1185 2324 et
1195 2277 1231 2324 in·

109 2363 194 2412 cendia
205 2363 328 2426 satisfuit
345 2378 425 2411 cauea.
444 2363 509 2411 Tres
521 2374 622 2424 quoque
634 2360 686 2420 ulii,
701 2357 810 2421 periculo
825 2367 848 2406 et
863 2356 981 2407 incendia.
1004 2358 1102 2408 Scribe:
1119 2366 1231 2421 tantaque

108 2446 144 2495 ad
152 2445 262 2509 periculo
273 2455 295 2493 et
307 2443 427 2508 impendia
438 2443 499 2493 rotie
508 2444 563 2505 suit
574 2458 669 2492 caueae
687 2444 821 2493 Pintianuu
834 2443 911 2492 etium
922 2440 983 2490 satie
993 2441 1047 2504 suit
1059 2457 1151 2492 caueae.

145 2528 199 2590 [21,
214 2526 257 2588 74]
276 2526 348 2575 Alica
357 2544 406 2589 par
417 2534 452 2574 est
463 2526 529 2574 labor
540 2525 578 2574 nel
588 2525 631 2574 luae
642 2526 741 2576 maioris
752 2524 877 2590 impendit]
891 2526 967 2576 Voss.
979 2524 1051 2574 Alina
1061 2541 1109 2588 par
1122 2525 1190 2574 labor
1200 2543 1231 2576 aa

109 2610 149 2660 ael
164 2611 241 2658 maior
258 2608 368 2673 impendi.
392 2613 475 2673 Lege:
492 2609 555 2658 aliua
568 2625 618 2673 par
634 2609 702 2659 labor
712 2626 742 2659 aa
754 2608 791 2658 vel
801 2610 898 2658 namna
909 2608 1024 2674 impendii
1030 2609 1139 2674 flumina
1150 2608 1184 2659 ad
1195 2609 1231 2658 la-

109 2693 215 2744 vandam
228 2692 289 2742 lanc
300 2694 394 2742 ruinam
411 2692 473 2757 inpie
488 2694 597 2743 montium
616 2694 689 2743 obiter
705 2693 796 2745 ducere.
816 2695 859 2745 Sic
871 2695 938 2744 enim
950 2695 1021 2744 iubet
1032 2696 1179 2744 membrana
1190 2709 1231 2745 aa·

110 2780 228 2828 ctissime.
256 2778 323 2827 Gud.
340 2779 425 2839 etiem,
442 2779 511 2828 Men.
533 2778 760 2842 Academiaeque,
777 2795 808 2828 ac
825 2777 862 2827 ael
877 2778 953 2844 mqior
969 2776 1073 2841 inpendi.
1100 2777 1232 2828 Pincianus

111 2877 224 2925 quoque:
237 2877 267 2909 aa
277 2859 314 2909 vel
324 2860 424 2909 maioris
435 2860 554 2925 impendii.

145 2942 207 3007 [Ib.]
226 2943 347 2994 Nimirum
359 2952 382 2992 et
392 2944 431 2993 ln'c
443 2943 510 2994 labor
522 2943 568 3006 eet]
586 2945 664 2997 Voss.
676 2945 703 2994 ni
714 2944 795 2995 millae
806 2954 828 2993 et
840 2944 879 2994 lic
891 2944 958 2993 labor
970 2953 1010 2993 eet.
1028 2931 1091 3004 tum,
1104 2943 1230 2992 libramen-

112 3037 157 3078 tum
169 3037 259 3092 oportet
270 3037 292 3076 et
300 3028 401 3091 fruaris
412 3043 482 3090 quam
493 3027 569 3090 fluat.
588 3027 773 3077 Coniiciabem:
785 3027 866 3078 Nimii
876 3035 898 3074 et
908 3026 947 3075 aio
960 3026 1059 3074 laborer.
1076 3026 1231 3089 &acapna

111 3111 271 3161 libramentum
283 3118 373 3174 oportet
389 3118 412 3158 et
428 3111 491 3158 strui
507 3109 572 3157 varie
588 3125 637 3171 qua
645 3110 722 3172 fluat.
739 3111 764 3157 id
782 3118 828 3169 est,
845 3110 922 3159 iureis
937 3111 979 3157 vel
991 3110 1092 3171 perticis
1104 3110 1144 3158 vel
1156 3111 1230 3162 vallis

111 3198 236 3246 subiectis.
258 3197 378 3263 Lucanae
387 3196 431 3244 lib.
444 3201 461 3243 4
474 3191 521 3255 [vs.
534 3190 608 3254 439]
625 3191 746 3256 disponitis
761 3191 857 3241 attollat
872 3192 935 3240 retia
951 3193 1017 3241 oare's
1036 3193 1146 3242 Venator.
1169 3195 1230 3246 Pin-

110 3282 200 3341 tianue,
214 3281 239 3328 in
251 3278 314 3328 mille
326 3287 348 3328 et
360 3278 397 3327 liic
410 3277 513 3326 labores:
526 3287 580 3326 tum
593 3275 768 3326 libramentum:
782 3277 898 3339 denique,
911 3285 937 3324 ut
946 3276 998 3338 fiat
1009 3278 1032 3326 ei
1041 3294 1090 3340 qua
1101 3277 1195 3342 influat.

143 3361 206 3424 [Ib.]
229 3361 262 3411 Ut
276 3362 361 3426 procul
376 3361 517 3411 intuentibus
532 3362 621 3424 species
638 3359 746 3426 nefario]
765 3360 842 3411 Voss.
860 3361 947 3424 species
963 3363 1093 3425 nefarium.
1119 3367 1153 3415 Et
1173 3381 1230 3430 pro·

110 3446 175 3496 facto
187 3448 261 3496 nihili
273 3457 312 3497 cst
323 3449 368 3496 ille
380 3445 477 3508 nefario
486 3446 589 3510 species.
600 3446 733 3510 Numquid
741 3445 832 3510 epecieo
843 3448 977 3497 natantium
986 3447 1086 3511 quidem,
1096 3448 1140 3498 aed
1148 3449 1230 3500 alitum

101 3531 169 3591 fiat?
188 3531 255 3580 Gna.
268 3539 293 3580 et
305 3532 386 3580 Acad.
400 3529 526 3593 nffarium.
545 3531 614 3579 Men.
628 3529 774 3593 nepharium.
792 3532 934 3592 Pintianue,
948 3548 976 3578 ne
985 3533 1098 3593 fierarum
1111 3532 1212 3595 quidem.

143 3612 196 3675 [2],
212 3613 255 3675 75]
273 3613 309 3661 Et
321 3613 396 3662 lineas
407 3613 489 3662 itineri
499 3612 647 3678 proefipunt]
665 3615 743 3664 Vere.
753 3613 902 3676 praedicunt,
921 3617 993 3678 qnasi
1005 3616 1065 3665 velit
1074 3614 1229 3677 praedurant.

110 3696 149 3747 Sic
162 3713 217 3761 cap.
231 3704 246 3747 3
260 3695 313 3759 []9,
328 3696 383 3759 60]
400 3713 451 3746 curn
463 3705 569 3762 arpenta,
582 3713 645 3756 aare,
660 3682 755 3760 plumbo
768 3696 846 3746 lineae
856 3697 1026 3762 producantur.
1044 3699 1120 3748 Voss.
1131 3699 1229 3761 praedi-

109 3789 199 3830 cantur.
218 3783 287 3844 Lege
300 3779 486 3845 praeducantur.
504 3797 560 3845 cap.
574 3788 589 3831 6
603 3779 656 3842 [3],
670 3779 727 3843 93]
744 3781 836 3830 Lineae
847 3798 877 3831 en
888 3789 987 3844 arpenta
1000 3778 1118 3843 praeduci
1125 3780 1230 3844 fierique

109 3864 234 3914 mirantur.
248 3865 291 3917 Sia
300 3866 366 3915 enim
376 3867 484 3915 eximius
493 3867 567 3927 liber,
572 3879 625 3914 non
631 3863 742 3928 produci,
750 3881 803 3915 non
807 3866 869 3928 fieri
872 3863 1025 3929 producique.
1036 3864 1079 3914 lib.
1084 3869 1125 3926 35,
1135 3872 1165 3916 13
1172 3865 1229 3931 [ρο-

109 3949 169 3998 tina:
179 3955 220 4010 35,
236 3955 275 4011 17,
286 3956 325 4011 58,
338 3947 411 4011 199]
422 3949 470 3997 Est
481 3958 504 3998 et
514 3947 631 3998 nilioeima
643 3947 722 4013 [opud
735 3951 815 4002 Gran.
829 3949 964 3999 manifesto
977 3962 1062 3998 errore
1074 3952 1229 4014 typographi

108 4030 246 4094 utilissima]
259 4031 362 4096 (creta),
379 4049 427 4096 qua
438 4033 524 4082 circum
533 4031 678 4097 praeducere
690 4032 725 4083 od
740 4034 853 4085 victoriae
863 4040 942 4080 natam
959 4033 1109 4082 inatituerunt
1119 4035 1228 4085 maiores.

108 4115 245 4180 colloquia
262 4117 431 4169 Scholastica:
452 4111 647 4182 Παραγράφενν
669 4115 717 4167 οὐκ
741 4113 816 4167 olda·
841 4114 874 4165 σὺ
891 4114 953 4177 ἐμοὶ
970 4115 1167 4183 παράγραψον,
1190 4117 1229 4178 ὡς

108 4195 194 4257 οἶδας.
213 4200 362 4251 Praeducere
374 4203 464 4252 nario:
482 4210 505 4250 tu
518 4201 577 4251 mili
583 4201 697 4266 praedae,
710 4201 824 4266 quomodo
836 4202 889 4251 scis.
