2760 4734
489 294 595 336 nonan
611 295 654 337 an
668 296 752 337 usn.
768 295 884 335 xxvm.
1206 274 1247 337 bb

129 464 181 495 num
198 455 220 493 et
236 447 311 495 iecore
321 445 393 508 fellis
408 445 534 493 dumtaxat
548 443 626 494 librae
640 442 751 508 pondere.
773 445 810 495 Ut
826 455 852 492 et
863 444 995 503 Attidem„
1013 445 1060 494 nisi
1077 448 1147 506 quod
1163 445 1249 493 ciccore

129 532 269 596 proiecere.

163 613 226 676 [Iu]
250 613 400 676 Cineremque
417 628 495 662 corum
509 621 590 676 petunt
608 611 646 660 vel
665 609 761 673 tldmm]
784 613 859 663 Voss.
876 611 999 675 cinoeeque
1015 620 1037 660 et
1051 628 1131 661 cornu.
1149 613 1247 663 Scribe:

128 701 272 759 cineremque
283 714 295 743 e
307 712 378 745 cornu
388 705 468 760 potum
481 695 519 744 uel
529 694 625 744 illitum:
637 704 667 745 at
678 695 745 747 oud.
757 696 937 756 Academicus,
949 696 1091 759 Menapios.

162 784 226 833 Car.
238 782 286 831 XI.
300 779 359 842 [47,
373 778 434 841 167]
455 777 552 829 llcruini
567 795 652 828 cornus
667 778 744 827 mucre
760 778 888 827 scabritias
903 794 982 827 eorum
998 777 1123 844 inunqunt]
1146 781 1249 831 Vossia-

128 880 183 925 nus,
199 865 330 912 sccbn'cias
347 862 436 913 eaden.
463 865 546 927 Lege,
562 863 693 912 scabricias
707 860 832 911 eorundem
849 861 970 926 inuuqunt.
997 864 1077 913 Acsd.
1095 863 1160 914 Gud.
1179 865 1265 925 Men..

127 947 205 996 codem
217 949 317 1011 uuquiue
327 955 407 996 sanat.
425 963 545 996 mucrones
554 946 627 994 etiam
632 946 710 1012 ipsos.

163 1030 217 1094 [47,
231 1030 290 1092 172]
310 1030 387 1082 Sedet
398 1030 522 1095 caltqt'nem
535 1029 575 1094 sel
589 1047 641 1079 cum
654 1027 740 1094 passo]
759 1032 800 1081 Ex
813 1030 914 1081 chiflet
927 1031 1048 1094 praebent
1059 1029 1180 1094 caliqines.
1200 1031 1249 1081 Sed
1264 1036 1312 1080 802

127 1125 258 1179 praeterea
278 1117 432 1165 Vossianus:
457 1114 511 1162 item
531 1112 663 1176 pulmonem
686 1112 778 1177 leporis.
806 1112 842 1162 Et
862 1113 897 1162 ad
916 1113 1031 1178 caliqincs
1044 1113 1086 1178 sel
1106 1131 1156 1163 cum
1176 1131 1250 1178 passo

127 1208 171 1248 aut
186 1199 259 1248 melle,
280 1201 360 1262 quue
377 1199 459 1248 multo
476 1199 635 1249 commodius
652 1197 771 1259 orationi,
787 1212 845 1247 cum
862 1199 1038 1261 praecesserit:
1059 1196 1103 1246 Ad
1118 1198 1197 1247 omnic
1214 1197 1249 1245 iu-

127 1292 243 1332 veterata.

164 1365 217 1426 [te
232 1364 291 1426 tel]
309 1365 428 1414 Dentibus
443 1363 538 1414 caninis
553 1363 654 1413 marine
669 1361 756 1425 nuile]
779 1364 855 1414 Voss.
867 1365 933 1416 Gud.
945 1366 1015 1414 And
1028 1367 1130 1428 Menap.
1144 1363 1250 1413 dentibus

127 1449 222 1497 caninis
233 1449 344 1497 maximis
354 1446 438 1498 simile
455 1449 514 1499 Hoc
525 1448 569 1497 lib.
580 1462 637 1511 oap.
652 1451 682 1497 19
695 1445 749 1509 [ts.
761 1445 836 1509 abl]=
854 1446 1049 1518 Dentes-quidem
1061 1463 1139 1497 eorum
1152 1448 1252 1496 maximi

127 1532 194 1594 equis
210 1531 313 1595 clliqati.
333 1530 393 1581 Lib.
406 1537 447 1591 30,
460 1536 476 1578 4
490 1529 525 1593 [8,
538 1529 596 1592 21]ε
610 1528 715 1580 witus
731 1529 789 1580 dens
805 1531 901 1581 sinerer
912 1532 1037 1582 mocimus.
1054 1534 1135 1583 Acuti.
1149 1548 1250 1596 quoque

128 1631 247 1663 titaxtttttt.

163 1693 225 1748 cm.
237 1698 311 1746 XIV.
331 1696 388 1759 [58,
405 1695 467 1760 202]
489 1697 578 1746 asam
592 1695 688 1746 suillum
704 1696 742 1746 uel
757 1696 870 1747 lucinum
881 1698 1008 1775 ⁸decoctum
1030 1701 1053 1749 iu
1074 1701 1124 1748 uiui
1144 1700 1248 1762 demuto]

128 1783 202 1831 Voss.
220 1791 248 1831 ut
265 1791 290 1831 et
302 1782 403 1832 Chiflet.
420 1780 538 1830 decoctum
553 1779 590 1831 ad
604 1781 709 1845 quintam
725 1780 842 1830 bemiuam
858 1782 883 1830 in
899 1784 960 1833 uiuo.
987 1785 1065 1846 Lege,
1084 1783 1199 1832 decoctum
1217 1783 1252 1831 ad

127 1864 233 1926 quintam
246 1864 352 1913 deminae
362 1865 388 1914 in
398 1865 461 1916 uino.
479 1867 597 1926 Quatuor
608 1865 664 1915 alii:
676 1864 793 1915 decoctum
805 1865 905 1914 eminam
917 1866 942 1914 in
955 1866 1016 1916 uiso.

164 1947 217 2009 [58‚
230 1947 291 2009 203]
313 1946 369 1997 Oura
384 1948 512 2014 cyclamini
526 1965 595 1999 succo
610 1956 633 1998 et
648 1947 760 1999 cuneis
776 1948 877 2012 modico]
896 1950 971 2000 Voss.
984 1958 1010 2000 et
1022 1951 1146 2000 Pintiani:
1163 1959 1186 1998 et
1196 1951 1249 1999 alu-

128 2032 200 2080 minis
211 2041 328 2080 momento.
343 2034 526 2094 Pulcherrima,
537 2035 597 2083 nam
609 2035 797 2098 pondusculum
810 2042 849 2083 est
860 2042 964 2083 certum.
979 2033 1036 2083 Lib.
1047 2040 1088 2095 ³0,
1100 2039 1113 2085 1
1128 2032 1182 2095 [19,
1193 2032 1249 2096 56]

128 2115 234 2164 uicinis
254 2132 335 2164 earum
356 2116 449 2166 bibatur
469 2115 495 2164 in
514 2116 581 2177 vino,
601 2114 684 2164 addito
705 2115 798 2164 resinae
813 2123 937 2188 ,momente
965 2118 1064 2166 Eodem
1082 2118 1126 2166 lib.
1145 2133 1199 2182 cap.
1219 2125 1246 2168 ll

131 2197 183 2259 [28,
200 2198 256 2260 93]:
276 2199 358 2248 sordes
374 2200 469 2249 ciuium
484 2208 528 2249 aut
544 2216 699 2249 momentorum
714 2198 814 2264 pecudis
830 2199 927 2249 denarii
942 2199 1047 2263 pondere
1068 2218 1118 2251 cum
1140 2201 1250 2265 myrrhae

130 2291 249 2333 neomenia.
276 2284 337 2346 Cap.
357 2289 387 2333 15
406 2282 459 2346 [48,
478 2282 550 2345 140]:
571 2283 671 2335 &mnes
686 2282 763 2332 allicit
778 2298 886 2347 oesypum
903 2299 953 2332 cum
970 2284 1081 2348 myrrbae
1098 2293 1209 2333 incruento
1225 2285 1248 2332 in

131 2367 181 2415 viui
191 2356 280 2431 mallus
292 2366 387 2417 duobus.

165 2450 218 2512 [58,
230 2449 291 2512 208]
303 2450 462 2514 Protinusque
473 2449 563 2499 modice
572 2449 696 2515 sriqidam
708 2450 799 2499 sorberi
809 2450 899 2513 iubent]
914 2452 995 2501 Acen
1004 2452 1159 2514 protinusque
1171 2451 1249 2500 liuius-

130 2532 195 2582 mcdi
202 2533 330 2597 sn'qidum.
351 2536 415 2584 Tres
430 2535 482 2594 alii,
496 2534 650 2598 protinusque
665 2532 730 2582 modi
737 2533 868 2598 sriqidum.
889 2537 1090 2598 Antiquissimue
1106 2546 1132 2586 et
1148 2536 1248 2586 Ohiflet.

126 2617 239 2680 pretim
255 2616 324 2680 lique.
346 2618 420 2668 Unde
438 2619 584 2679 coniiciunt,
598 2617 707 2682 protinus
723 2617 808 2680 adqui.
831 2619 884 2670 Sed
898 2619 1039 2671 Vossianus
1056 2621 1133 2671 etiam
1143 2605 1263 2685 sriqidas

130 2702 216 2752 Scribe
232 2703 319 2764 igitur:
337 2709 362 2749 ut
374 2717 420 2764 per
436 2717 461 2749 se
478 2700 605 2750 manetur
620 2701 741 2765 protinus,
757 2703 827 2765 inque
842 2701 931 2751 modice
941 2701 1040 2767 frtqitn
1057 2704 1150 2752 sorberi
1164 2705 1249 2753 iubent.

130 2785 172 2836 Sic
184 2802 245 2834 mox
258 2783 312 2846 [58‚
325 2783 399 2846 uio]:
411 2785 448 2833 uti
454 2784 562 2849 pretinm
574 2783 702 2833 laureatur
711 2785 812 2850 sriqida
823 2802 896 2849 aqua.

163 2870 227 2920 Cas.
239 2870 298 2918 XV.
312 2867 365 2930 [60,
378 2866 440 2930 214]
459 2868 553 2918 Fimuru
565 2869 635 2917 etiam
644 2867 758 2932 prodesse
769 2885 821 2917 cunt
832 2868 899 2918 melle
910 2868 1003 2931 dicunt]
1022 2870 1083 2919 Vox
1096 2872 1186 2920 ultima
1198 2886 1250 2919 non

130 2954 203 3002 estin
216 2954 321 3015 optimo,
338 2960 363 3002 et
373 2953 487 3016 suspicor
498 2953 652 3002 inculcatam
662 2954 694 3001 ab
708 2954 802 3016 aliquo,
820 2955 864 3016 qui
879 2967 970 3016 parum
989 2954 1144 3002 meminisset
1156 2955 1249 3016 pesam

129 3037 214 3087 Plinio
224 3037 309 3098 fimum
329 3039 378 3088 dici
398 3046 489 3086 neutro
511 3050 616 3098 genere,
637 3050 695 3085 eum
711 3043 736 3085 et
752 3050 785 3085 ex
801 3033 875 3097 prode
895 3049 953 3085 cum
973 3036 1134 3099 superposita
1152 3036 1251 3098 virgula

130 3121 216 3168 liceret
235 3121 258 3168 ei
274 3119 356 3170 facere
373 3130 425 3170 tam
443 3117 555 3183 prodesse
573 3133 649 3182 quam
667 3115 771 3180 prodest.
799 3118 849 3168 Sed
866 3117 942 3167 Plinii
958 3117 1052 3168 fuerat:
1070 3119 1158 3181 fimum
1178 3119 1250 3168 ctiam

126 3201 225 3265 prodest
241 3219 291 3251 uim
306 3203 374 3253 melle
388 3211 431 3253 cut
448 3219 498 3252 cum
515 3210 589 3251 aceto.
613 3201 657 3252 Sic
673 3216 728 3265 cap.
749 3205 779 3251 17
798 3198 856 3261 [et‚
874 3199 948 3262 280]:
966 3199 1147 3251 Melancbolicis
1163 3201 1250 3262 finium

130 3285 232 3334 eduliis
243 3287 295 3336 usito
306 3286 423 3337 decoctum
435 3285 537 3335 remedie
550 3294 590 3334 est.

165 3369 218 3431 [60,
231 3370 291 3433 216]
309 3371 412 3421 Testium
425 3379 500 3420 tumor
511 3385 561 3418 curn
573 3385 628 3418 seno
641 3367 708 3420 uituli
717 3368 800 3418 addito
812 3369 875 3418 nitro
887 3366 1017 3432 cohibetur]
1036 3372 1113 3424 Voss.
1126 3376 1252 3439 expungit

131 3450 162 3501 τὸ
176 3469 238 3504 cum:
254 3464 279 3505 et
291 3470 322 3505 eo
333 3471 388 3505 non
399 3470 475 3518 aegre
487 3442 556 3504 caret
568 3453 658 3504 oratio.
682 3455 713 3504 In
726 3461 834 3516 quatuor
846 3454 902 3504 aliis
917 3456 986 3506 deest
1003 3471 1056 3506 vox
1069 3464 1151 3517 tumor,
1170 3459 1251 3508 latens

130 3537 225 3586 scilicet
237 3540 262 3587 in
274 3541 472 3603 praepositione.

165 3620 228 3670 cm
241 3622 314 3672 XVI,
329 3620 384 3684 [63,
398 3620 460 3684 225]
479 3621 553 3670 Asini
562 3622 679 3670 cerebrum
691 3636 721 3669 etc
732 3637 797 3684 aqua
808 3621 894 3683 mulsa,
906 3622 1046 3684 infumatum
1057 3623 1125 3684 prius
1137 3620 1249 3682 insoliis]

129 3703 289 3767 Hermolaus,
307 3705 333 3755 in
344 3704 417 3754 soliis.
440 3705 553 3754 Pintiani
565 3705 638 3765 liber,
656 3703 681 3752 in
692 3703 750 3753 sulti
759 3706 884 3756 semuncia.
903 3707 1057 3757 Vossianus:
1073 3705 1142 3767 prius
1153 3705 1178 3752 in
1187 3703 1254 3768 sulti

128 3787 252 3836 semuncia.
276 3790 409 3840 Fortasse:
426 3789 568 3853 infumatum
582 3788 659 3851 prius,
676 3787 701 3836 in
715 3787 789 3851 pulta,
806 3789 927 3839 semuncia
940 3805 985 3853 per
1001 3787 1058 3836 dies.
1081 3788 1124 3838 Sic
1140 3803 1196 3851 cap.
1212 3803 1250 3839 se-

129 3873 217 3933 quenti
230 3870 256 3933 [b
261 3878 282 3933 7,
296 3872 371 3935 230];
386 3871 482 3937 Caprae
492 3888 546 3920 sevo
558 3872 582 3920 in
591 3871 657 3934 pulte
668 3870 775 3922 alicaccu
788 3882 810 3921 et
818 3872 923 3938 plttlu'sin
936 3881 958 3920 et
971 3871 1051 3920 tussim
1062 3873 1155 3922 sonari.

163 3955 228 4005 CAP.
240 3957 329 4007 XVII.
343 3956 396 4019 [68,
407 3955 469 4019 232]
482 3957 548 4007 Fini
561 3956 650 4004 taurini
660 3956 768 4018 monime,
781 3957 856 4006 sedet
868 3954 954 4017 bubuli,
967 3954 996 4005 de
1008 3955 1145 4005 armentivis
1157 3954 1250 4018 loquor]

130 4037 174 4086 Sic
190 4040 348 4102 Vossianus,
371 4043 475 4105 perinde
493 4051 521 4090 ut
536 4041 646 4091 Pintiuni
664 4043 752 4089 codex.
782 4057 840 4091 iiam
858 4039 996 4089 unissntiuis
1013 4048 1062 4090 tres
1079 4053 1180 4102 quoque
1200 4039 1251 4088 alii.

131 4123 202 4172 Men.
213 4124 334 4173 armentis.
