2760 4734
518 284 623 325 55555
639 284 682 324 un
696 285 779 324 5155.
796 284 853 323 xx.
1203 265 1241 324 11

123 432 253 494 papaveris·
264 439 344 494 sponte
357 432 473 480 trescentis
486 430 588 481 dicemus
599 433 623 485 in
636 431 763 482 medicinae
773 432 829 482 loco
846 433 966 483 Similiter
978 442 1109 496 peccatum
1122 433 1164 483 lib.
1176 439 1215 493 21,
1227 441 1242 482 6

127 513 246 575 [14,27].
272 517 374 564 Partem
392 514 495 575 horum,
515 531 606 578 nempe
623 518 757 580 utrobique
775 517 909 578 legendum
927 532 939 564 e
954 516 1049 576 5511515,
1072 516 1189 566 odoratus
1206 524 1244 564 est

126 607 151 645 et
163 599 306 648 Pintianns·

160 682 222 744 [lb]
249 682 304 732 Cum
321 681 463 746 deflorescit,
482 683 541 736 hora
558 683 606 732 diei
621 683 710 746 sereni]
733 686 866 735 Pintianus
882 700 896 732 e
913 686 992 734 veteri
1009 685 1160 747 exemplari:
1184 682 1245 731 born

125 765 202 813 sereni
216 764 276 813 diei:
299 770 367 830 quod
383 768 430 816 etsi
448 769 504 817 leve
521 775 569 829 est,
583 783 640 817 mou
652 769 830 818 fastidiendum
848 779 942 829 tamon,
960 770 1019 831 qnia
1031 770 1104 818 etsie
1116 769 1166 817 duo
1176 768 1244 817 Vos·

126 852 196 899 siani.
220 851 269 901 Sed
286 851 350 900 alter
366 852 459 901 horum
476 853 551 901 etiam
564 852 657 901 utilior.
677 850 1160 915 0555555555111515555555515115ἰῖ
1179 851 1246 899 eirea

126 935 267 995 meridiem,
289 937 372 999 iuquit
393 934 583 999 Delecampius.
613 935 697 985 Immo
720 935 801 987 multo
824 937 906 986 citius.
937 935 980 986 Sic
998 935 1066 984 enim
1084 935 1245 983 membranae

126 1020 254 1081 egregiae:
272 1019 332 1068 hora
343 1019 421 1068 sereni
431 1018 483 1068 diei
495 1019 573 1080 tertia,
592 1018 634 1068 hoc
646 1027 687 1080 est,
704 1036 754 1067 cum
771 1037 811 1067 ros
826 1020 955 1068 exaruerit.
977 1020 1103 1069 Nimirum
1121 1035 1178 1069 cum
1194 1019 1246 1068 iere

126 1098 265 1165 πλήθουσα
278 1112 316 1153 551
328 1099 427 1168 ἀγορά,
442 1112 474 1164 55,
489 1111 516 1152 51
528 1104 597 1153 55511
609 1105 732 1154 Martialis
746 1102 845 1167 [Epigr.
858 1112 882 1164 t,
896 1110 919 1164 8,
933 1102 970 1165 2]‚

330 1186 435 1236 Exercet
445 1202 530 1235 raucos
543 1187 613 1235 tertia
624 1184 761 1236 5555151555.

126 1270 232 1320 Sextam
255 1279 341 1319 autern
368 1271 498 1320 meridiem
519 1268 701 1332 intelligimus·
730 1270 876 1320 Columella
896 1275 973 1330 11,2
998 1268 1069 1331 [Vol.
1088 1269 1122 1318 11.
1145 1284 1170 1332 p.
1190 1273 1246 1318 506.

126 1351 272 1413 Schneid.]:
292 1353 388 1416 pruinis
403 1361 426 1402 et
440 1351 556 1418 pelicidiir
571 1353 691 1402 nocturnis
706 1352 784 1402 adine
795 1353 897 1417 ripentes
908 1352 1022 1401 materiae
1030 1354 1127 1415 serrum
1139 1351 1247 1414 555115551-

126 1435 193 1485 dant.
212 1437 293 1499 itaque
305 1435 359 1484 dum
371 1435 416 1484 hae
427 1435 533 1500 repelare
544 1435 651 1485 sinuntur
669 1435 800 1500 [repemina
814 1437 935 1485 siccantur
947 1437 1013 1500 apud
1027 1433 1158 1496 Schneid]
1176 1450 1248 1497 usque

126 1521 151 1568 in
168 1520 250 1568 horam
273 1517 398 1569 recaredum
416 1518 454 1567 uel
471 1519 578 1578 tertiam,
599 1526 717 1582 poterunt
731 1535 814 1582 uepres
830 1517 959 1567 attenuari.
988 1519 1024 1567 Et
1044 1518 1137 1568 ibidem
1161 1515 1188 1582 [ξ
1207 1524 1247 1567 55.

126 1604 188 1652 Vol.
201 1604 235 1651 11.
252 1620 277 1667 p.
296 1609 352 1652 518.
372 1600 474 1664 8555.]5
498 1616 656 1665 quascumque
672 1602 760 1665 515555,
770 1600 858 1650 culturi
872 1617 963 1662 sumus,
984 1616 1013 1648 ne
1027 1617 1072 1665 per
1087 1608 1189 1662 nestum,
1206 1598 1249 1649 sed

127 1702 195 1734 meme
207 1703 278 1749 usque
290 1686 316 1734 in
329 1687 429 1747 tertium,
442 1694 465 1733 et
476 1702 493 1734 a
505 1684 596 1734 decima
607 1684 715 1747 usquein
727 1682 887 1748 crepusculum
892 1682 1028 1746 fodiemus.
1123 1687 1128 1695 “

162 1769 214 1831 [16,
230 1768 289 1831 199]
307 1770 439 1834 Mortifera
449 1784 493 1832 per
504 1784 616 1818 somnum.
629 1769 698 1832 opion
710 1766 806 1829 vocant]
820 1769 897 1818 Voss.
910 1771 960 1818 duo
974 1777 999 1817 et
1009 1767 1078 1817 Gud.
1087 1783 1133 1830 per
1144 1783 1248 1817 somnum

127 1853 207 1916 appion
222 1861 316 1902 vocant:
340 1861 368 1902 ut
385 1862 410 1902 55
425 1854 506 1902 Acad.
525 1853 573 1902 nisi
590 1853 659 1914 qnod
675 1851 749 1915 sopio.
775 1851 941 1902 Scribendum
954 1866 986 1900 ex
998 1840 1106 1914 oplimo:
1124 1849 1248 1914 mortifero

123 1954 169 2000 per
180 1954 279 1986 somnos.
292 1937 369 2000 epium
381 1944 472 1984 vocant.

162 2020 224 2084 [lb]
251 2019 306 2069 Cum
324 2017 435 2068 ualetudo
452 2017 590 2081 impatibilis
607 2018 684 2067 odium
702 2019 776 2081 vitae]
803 2021 911 2082 Omnes,
932 2018 1074 2083 impetibilis.
1100 2020 1189 2082 Neque
1206 2021 1248 2070 hic

127 2107 213 2166 modo,
225 2108 268 2154 sed
281 2105 356 2154 etiam
369 2117 425 2166 555.
438 2109 470 2152 20
484 2100 537 2163 [8],
552 2101 613 2164 215]
630 2111 727 2166 propter
738 2103 876 2167 inpetibiles
889 2119 948 2151 uuae
960 2103 1057 2151 morbos.
1076 2104 1110 2152 tm
1120 2103 1164 2152 lib.
1178 2109 1218 2162 25,
1232 2108 1246 2150 5

129 2187 182 2250 [24‚
197 2187 254 2249 59]:
272 2204 301 2235 ne
316 2185 396 2234 nubile
408 2184 446 2234 die
458 2184 533 2245 detur,
545 2184 683 2248 inpetibiles
695 2186 781 2250 quippe
793 2187 912 2235 cruciatus
929 2186 1038 2234 55151551.
1062 2186 1168 2237 Notavit
1185 2196 1210 2234 et
1221 2188 1248 2235 15

128 2272 181 2322 5515
192 2271 367 2321 Ferdiuaudus
383 2270 480 2319 Nonius
496 2270 638 2331 Pintianus,
655 2271 686 2318 ab
705 2269 791 2334 impetu
803 2272 920 2320 videlicet
936 2269 1053 2333 (inquit),
1069 2284 1122 2319 uon
1134 2286 1150 2319 5
1159 2269 1248 2333 patior.

128 2356 155 2404 A
167 2370 218 2418 quo
232 2356 300 2405 haud
312 2356 364 2404 scio
377 2370 410 2404 55
423 2355 554 2418 acceperit,
572 2356 616 2404 sed
633 2363 720 2403 tamen
732 2370 810 2418 quum
822 2355 949 2418 Apuleius
961 2355 987 2403 in
995 2354 1128 2418 Apologia
1141 2351 1177 2417 [5.
1191 2358 1249 2414 ³28,

131 2444 169 2489 10.
182 2437 263 2500 Elm]
277 2440 389 2500 dixisset,
406 2437 490 2487 sceleri
500 2436 615 2486 aduersus
623 2447 747 2501 parentem
760 2437 871 2501 nefando,
889 2438 994 2499 immani,
1008 2435 1141 2501 impetibili:
1159 2436 1248 2487 miram

130 2524 179 2571 hac
196 2525 302 2572 notione
319 2538 406 2573 vocem
424 2538 479 2572 eam
496 2521 669 2585 pronuntiavit
685 2522 719 2572 Is.
737 2522 917 2583 Gasaubonus‚
940 2538 1017 2585 quam
1034 2525 1147 2585 legerent
1163 2522 1248 2585 plnres

128 2607 341 2669 intelligentibus:
362 2609 467 2670 proprie
483 2607 550 2655 euim
567 2603 692 2668 impetibile
707 2621 761 2656 esse
776 2607 810 2667 id,
829 2608 895 2670 quod
912 2607 1028 2670 petitioni
1045 2607 1248 2666 obnoxiarum,

130 2691 198 2753 quod
216 2691 291 2740 facile
306 2699 390 2755 potest
406 2690 502 2754 impeti.
520 2690 557 2739 515
569 2689 686 2740 85115555
699 2690 731 2739 de
742 2689 933 2740 chamaeleonte
949 2687 1017 2753 [cap.
1030 2687 1087 2750 40]:
1109 2687 1249 2752 Impetibilis

130 2781 164 2821 est
175 2776 263 2835 coraci,
279 2793 296 2823 5
308 2791 353 2838 quo
365 2791 416 2823 cum
433 2773 569 2834 interfectus
585 2780 627 2834 est,
644 2773 752 2822 uictorem
768 2790 835 2823 suum
849 2772 952 2837 perimit.
970 2788 1024 2832 555,
1042 2774 1091 2822 5151
1106 2772 1181 2822 151155
1196 2787 1248 2821 me·

130 2860 223 2919 moria,
249 2874 302 2909 esse
320 2860 487 2920 antiquiorem
506 2858 607 2918 851155,
631 2858 673 2920 qui
692 2873 748 2906 eam
766 2872 856 2906 rocem
873 2859 1009 2920 usurparit.
1031 2864 1120 2918 postea
1137 2856 1250 2917 coepisse

130 2944 210 3005 accipi
228 2945 258 2992 de
270 2960 296 2993 re
308 2943 374 3006 turpi
388 2952 413 2992 et
424 2942 614 3006 reprehensioni
625 2942 745 3000 obnoxia,
758 2952 787 2990 51
797 2943 866 3005 apud
877 2941 1017 3003 Apuleium
1030 2950 1055 2987 55
1067 2939 1248 3001 Symmachum

130 3026 175 3074 lib.
193 3032 216 3074 9.
234 3028 307 3088 55151.
326 3033 381 3078 10³.
403 3028 429 3075 in
446 3025 496 3074 5115
513 3026 600 3074 omnia
616 3026 652 3074 ire
670 3025 842 3074 Glossarium:
871 3020 1014 3086 Impetibile,
1035 3018 1248 3086 ἀνεπιχείρητον,

131 3104 350 3172 ἀνεπιτήδευτον,
372 3110 444 3172 quasi
461 3109 614 3172 praepositio
632 3109 740 3157 haberet
756 3097 807 3155 vim
825 3106 948 3168 negandi,
969 3120 1050 3167 neque
1065 3105 1181 3154 absurde.
1204 3107 1249 3154 sed

130 3207 183 3241 555
196 3194 231 3241 115
243 3208 270 3242 55
281 3201 430 3256 usurpatum
442 3193 541 3254 legisse.
565 3190 607 3241 815
622 3190 676 3240 ille:
699 3204 747 3239 555
764 3189 846 3255 555515
862 3190 899 3237 vir
916 3195 1001 3238 tantus
1014 3188 1073 3248 labi,
1090 3189 1151 3250 quin
1164 3187 1250 3236 multis

130 3275 257 3324 lubricum
274 3275 436 3343 relinqueret.
459 3274 550 3337 Neque
565 3289 613 3337 ego
628 3277 671 3325 Fr.
689 3274 804 3323 Iuretum
820 3288 912 3332 moror,
931 3273 982 3336 qui,
1002 3273 1069 3335 quod
1083 3272 1190 3323 Glossae
1202 3270 1249 3320 Im·

128 3355 236 3420 petibile,
253 3357 390 3420 improbum,
408 3373 503 3406 saevum
521 3359 628 3419 habent,
647 3358 730 3408 reddit
746 3373 865 3406 secenum:
888 3372 941 3405 nou
959 3356 1026 3421 Seip.
1045 3357 1186 3419 Gentilem,
1210 3359 1249 3407 551

130 3437 258 3502 impetibile
274 3443 306 3491 ab
322 3442 476 3504 impetendo,
494 3443 565 3505 quasi
581 3442 698 3505 petitioni
714 3450 740 3492 55
751 3442 938 3505 reprehensioni
951 3442 1102 3491 obnoxium:
1121 3458 1174 3491 555
1187 3442 1249 3492 Gev.

130 3524 364 3587 Elmeuhorstium,
386 3527 427 3575 551
443 3523 575 3588 impetibilis
594 3527 721 3590 impurus:
747 3540 800 3574 non
820 3525 858 3575 10.
875 3525 1020 3586 Priamum,
1039 3526 1090 3588 qui,
1108 3533 1137 3574 ut
1154 3525 1250 3586 aliquid

131 3609 191 3656 novi
210 3610 300 3671 addat,
322 3626 368 3673 pro
385 3612 527 3674 impetuoso
545 3611 754 3670 circumcursat,
773 3610 949 3670 translatione,
969 3617 997 3659 ut
1014 3611 1057 3669 ait,
1075 3610 1150 3657 nimis
1168 3609 1249 3667 obvia,

131 3707 198 3755 quae
222 3693 357 3744 sceleribus
381 3695 526 3743 violentiam
551 3695 651 3744 tribuat.
685 3696 744 3757 Ipse
765 3693 904 3744 Salmasius
923 3707 981 3757 pag.
1003 3697 1060 3740 875.
1081 3692 1250 3750 8511515555,

131 3775 267 3838 impetibilis
284 3785 318 3825 eat
335 3779 421 3838 coraci,
442 3779 469 3827 15
489 3780 578 3828 eodem
595 3779 656 3827 ludo
674 3780 777 3827 edoctus
794 3779 913 3841 explicat,
935 3794 950 3826 5
967 3790 1055 3824 corace
1071 3776 1160 3837 impeti
1177 3775 1250 3833 solet,

132 3860 261 3911 obnoxius
280 3870 318 3912 est
334 3863 486 3926 impetitioui
505 3864 580 3912 corvi.
607 3863 687 3922 Tum,
708 3862 783 3911 Alias
801 3858 938 3924 impetibile,
961 3859 1054 3920 iuquit,
1076 3857 1251 3907 1551515555-

131 3952 198 4008 5555
215 3947 289 3996 ctiam
309 3948 409 4010 agentis
430 3947 625 4009 significatione,
649 3961 695 4010 pro
712 3961 755 4007 eo,
779 3946 847 4008 quod
869 3947 989 4006 impetere
1009 3943 1088 4000 solet,
1109 3955 1161 3989 non
1183 3941 1251 4003 quod

132 4031 271 4093 impetitur.
303 4033 355 4080 huc
379 4032 457 4081 Plinii
480 4033 530 4080 duo
555 4030 632 4081 refert
656 4039 681 4080 et
706 4031 811 4093 Apuleii
835 4030 900 4078 loca.
934 4027 1048 4088 Deinde,
1075 4025 1141 4076 Saue
1166 4039 1251 4074 receu-

132 4115 211 4164 tiores
228 4114 313 4165 Latini
330 4131 375 4179 pro
392 4130 418 4165 re
437 4116 504 4164 mala
524 4122 549 4163 et
566 4115 700 4164 inhonesta
716 4113 786 4165 factu
803 4122 829 4162 et
845 4111 955 4162 nefanda
976 4126 1032 4159 eam
1053 4125 1141 4160 vocem
1160 4125 1250 4175 55555-

131 4205 203 4246 runt:
226 4199 252 4247 id
268 4200 358 4264 probat
374 4214 407 4248 ex
424 4199 587 4263 Symmacho.
611 4201 735 4260 Tandem,
752 4198 880 4262 Quicquid
896 4197 992 4245 malum
1010 4204 1076 4245 esset
1093 4203 1118 4244 55
1136 4197 1250 4247 odiosum

1028 4279 1047 4340 2
