2760 4734
567 305 813 351 PROLEGOMENA.

639 611 653 690 ς
689 609 739 671 ro.

442 764 490 811 DE
508 763 766 815 AUCTORITATE
785 764 935 816 CODICIS.

172 889 286 956 Restat
307 893 381 971 iam,
408 906 445 957 ut
472 895 512 958 de
541 895 725 960 auctoritate
753 895 911 979 quaedam
933 894 1138 971 disseramus,
1166 915 1248 978 quae

128 1013 237 1067 nostro
261 1003 363 1067 codici
386 1004 541 1089 rescripto
564 1003 733 1068 tribuenda
756 1003 797 1069 sit
826 1004 860 1068 in
881 1005 990 1090 operis
1011 1003 1152 1069 Pliniani
1174 1003 1250 1070 crisi

129 1112 317 1176 exercenda.
339 1111 609 1197 Antiquissimum
631 1114 801 1180 cuiuslibet
824 1114 985 1201 scriptoris
1000 1114 1125 1179 classici
1140 1135 1249 1178 exem·

128 1221 200 1306 plar
221 1223 394 1288 maximam
415 1223 501 1288 haud
519 1224 615 1289 dubie
629 1225 851 1290 auctoritatem
866 1225 930 1288 iam
944 1224 1018 1290 ideo
1032 1224 1138 1302 habet,
1163 1223 1251 1308 quod

129 1330 199 1395 eius
227 1331 358 1418 scriptio
380 1334 497 1419 exiguo
520 1334 687 1398 dumtaxat
709 1335 862 1419 temporis
884 1334 1053 1400 intervallo
1078 1332 1119 1398 ab
1146 1333 1248 1419 ipsius

128 1442 267 1506 auctoris
282 1442 476 1508 confectione
490 1442 563 1529 libri
579 1444 722 1509 seiuncta
736 1456 794 1522 est,
808 1467 845 1510 ac
860 1444 996 1528 proinde
1010 1444 1117 1530 ipsum
1132 1466 1196 1508 non
1209 1442 1250 1508 iis

67 1620 72 1625 ,
128 1550 280 1616 vitiorum
301 1551 427 1618 labibus
450 1553 698 1619 contaminatum
716 1564 775 1631 est,
798 1552 916 1638 quibus
930 1553 1119 1640 posterioris
1136 1552 1250 1618 aetatis

129 1662 277 1746 exempla
291 1662 466 1747 depravata
489 1673 570 1727 sunt.
594 1661 721 1744 Quodsi
741 1664 828 1728 idem
848 1663 929 1728 liber
944 1687 964 1728 a
979 1663 1047 1728 viro
1062 1661 1155 1728 docto
1171 1685 1248 1728 con-

128 1772 271 1855 scriptus
285 1782 316 1835 et
333 1772 521 1837 emendatus
539 1783 597 1850 est,
615 1793 653 1839 eo
669 1771 770 1837 maior
786 1773 973 1858 apographo
990 1772 1164 1838 auctoritas
1179 1772 1250 1836 iure

127 1881 297 1947 tribuetur.
322 1881 525 1965 Quamquam
546 1903 621 1947 vero
636 1881 733 1948 totius
752 1883 858 1967 operis
872 1880 1011 1946 Pliniani
1026 1882 1138 1959 codex,
1154 1904 1250 1966 quem

127 1990 455 2075 repraesentavimus,
479 1991 645 2076 septimam
666 1991 778 2069 modo,
801 1991 888 2075 quod
910 1990 1115 2055 vehementer
1137 1990 1248 2054 dolen·

128 2100 207 2165 dum
228 2110 291 2178 est,
321 2099 461 2164 continet
481 2110 622 2183 partem,
649 2109 789 2164 attamen
816 2099 866 2164 his
887 2099 968 2184 ipsis
990 2100 1178 2187 fragmentis
1199 2101 1248 2165 la·

127 2232 214 2274 cuna
242 2203 348 2274 texms
377 2208 566 2286 resarcitur,
593 2229 675 2292 quae
702 2208 735 2272 in
762 2209 882 2292 optimo
906 2209 1014 2274 codice
1036 2208 1248 2273 Riooardiano

128 2318 194 2405 (R)
217 2316 333 2383 alibro
348 2317 448 2382 XIII.
471 2320 542 2402 §88
563 2318 686 2403 incipit.
708 2318 817 2402 Atque
840 2317 970 2404 probari
991 2328 1098 2402 potest
1114 2317 1248 2395 nullum,

129 2437 286 2512 quotquot
306 2426 410 2492 adhuc
431 2427 640 2505 innotuerint,
667 2427 827 2505 codicum,
855 2425 973 2511 quibus
1001 2427 1096 2514 salty
1121 2428 1154 2491 in
1180 2427 1248 2490 sdi-

105 2558 109 2563 ·
128 2537 217 2602 tione
240 2559 298 2601 sua
319 2556 398 2603 usus
420 2546 479 2614 est,
501 2559 542 2603 ex
563 2535 623 2601 hoo
644 2537 852 2622 palimpsesto
874 2536 1049 2623 ascriptum
1073 2558 1153 2614 esse,
1176 2559 1249 2601 cum

128 2667 241 2713 omnes
262 2646 359 2730 longo
380 2656 523 2729 tempore
544 2644 609 2709 sint
631 2644 764 2722 exarati,
791 2656 1012 2730 posteaquam,
1040 2656 1147 2710 vetere
1169 2643 1249 2710 scri·

127 2767 226 2842 ptura
241 2754 361 2833 abluta,
377 2753 459 2820 alius
476 2756 657 2842 argumenti
673 2776 755 2840 opus
771 2754 806 2819 in
819 2754 869 2821 his
884 2754 1077 2820 membranis
1093 2754 1249 2839 scriptum

128 2876 187 2931 est.
216 2863 297 2929 Inde
323 2865 440 2929 mirum
465 2886 530 2928 non
558 2876 609 2929 est
631 2865 763 2930 lacunas
789 2863 945 2949 quasdam
974 2863 1043 2928 eius
1072 2885 1168 2947 quem
1190 2884 1249 2928 nos

128 2973 317 3041 exhibemus
340 2973 459 3038 codicis
478 2995 538 3058 per
555 2973 635 3038 alios
654 2973 888 3058 manuscriptos
903 2970 1036 3058 expleri,
1052 2973 1086 3036 in
1101 2972 1248 3038 omnibus

128 3093 239 3149 autem
257 3082 348 3149 libris
369 3105 447 3147 mss.
469 3081 657 3160 desiderari,
685 3104 767 3166 quae
787 3081 822 3145 in
842 3081 904 3146 hoc
926 3076 992 3147 solo
1013 3083 1183 3167 leguntur,
1212 3094 1250 3146 ut

129 3194 319 3258 afferamus:
346 3191 402 3258 lib.
424 3189 488 3256 XI.
512 3195 527 3275 ξ
547 3191 591 3254 38
612 3193 719 3255 odram
734 3193 797 3256 mal
812 3244 852 3255 ..
871 3192 1028 3256 alterabat
1051 3193 1249 3278 aptissimam

127 3327 161 3390 p.
180 3305 230 3380 14,
251 3290 462 3379 14..16‚'lib.
484 3298 582 3365 XIV.
606 3303 621 3384 ξ
643 3303 684 3365 47
706 3304 740 3365 in
762 3301 828 3365 olla
848 3303 985 3366 vinaceis
1005 3353 1047 3365 -
1067 3313 1151 3365 recto
1174 3323 1249 3365 ooa-

129 3417 250 3479 duatar
270 3433 304 3498 p.
326 3412 398 3489 195,
418 3412 524 3486 2-4‚
545 3408 599 3474 lib.
623 3408 720 3474 XIV.
744 3413 760 3493 d
782 3410 845 3474 140
870 3432 948 3494 quaa
968 3412 1003 3474 ia
1026 3411 1157 3476 bibendo
1182 3433 1249 3475 cer·-

129 3524 252 3586 tamiaa
274 3545 305 3606 p.
322 3522 394 3597 217,
416 3521 514 3597 5..6,
532 3518 587 3584 lib.
602 3517 681 3584 XV.
705 3520 776 3603 §59
798 3540 896 3603 aequa
917 3520 1055 3585 aluo...
1066 3521 1178 3604 plocio
1199 3522 1250 3584 dia

128 3654 162 3718 p.
179 3633 253 3706 248,
268 3631 361 3695 8..9.

173 3739 289 3823 Itaque
304 3737 480 3816 videamus,
494 3738 580 3823 quod
596 3738 687 3821 quasi
703 3737 899 3823 cognationis
914 3736 1077 3803 vinculum
1091 3737 1143 3803 hic
1156 3737 1249 3813 liber,

128 3871 227 3934 quem
248 3849 467 3914 Veronensem
496 3849 696 3923 vocavimus,
728 3869 800 3911 oum
827 3846 990 3911 codicibus
1017 3869 1094 3911 mss.
1121 3844 1249 3925 habeat,

128 3981 212 4045 quos
248 3957 344 4044 52·th
376 3957 531 4022 adhibuit.
581 3957 735 4033 Codices,
765 3978 845 4040 quos
880 3955 929 4019 vir
962 3954 1013 4020 ille
1047 3955 1252 4020 doctissimus

131 4067 224 4154 siglis
250 4065 399 4132 OTdDo
415 4079 447 4132 at
461 4066 630 4132 VRabor
653 4066 783 4142 notavit,
804 4086 997 4149 quamquam
1019 4065 1119 4130 multo
1140 4087 1251 4131 recen-
