2760 4734
156 278 217 339 106
640 299 780 340 auouom

154 448 257 497 trarium
278 453 347 510 puto.
375 447 514 497 Salmasius
534 448 565 495 ad
584 448 778 511 8911119126.
801 463 834 497 ex
854 449 917 497 libro
937 449 1015 498 veteri
1036 449 1121 498 affert:
1146 458 1168 497 at
1185 451 1277 516 pinque

155 529 248 593 dieique
268 529 364 592 liquoris
384 530 408 578 in
426 529 524 580 Sicilia:
546 532 615 581 iubet
635 539 720 580 autem
738 532 825 582 scribi:
847 531 960 596 Gipnitnr
976 540 1000 580 et
1011 532 1168 597 pinquedinci
1183 551 1277 597 quaque

155 613 253 677 liquoris
269 614 293 663 in
311 613 410 664 Siciliae
425 614 595 678 Aprapantina
604 615 676 678 sente
691 615 797 679 irpiciens
812 616 894 664 riuum.
918 618 992 666 Hanc
1009 632 1069 667 vero
1087 633 1174 668 vocem
1191 635 1276 682 neque

153 697 254 747 Afranii
270 700 345 747 nauci
360 712 408 747 nec
423 699 508 747 Plauti
525 700 594 747 eicco
610 701 816 762 permutaverim.
841 701 955 749 Primum
977 702 1105 762 namsia
1123 700 1276 767 τῷθαρίἀο,
1363 754 1366 757 ,

154 789 288 846 postquam
308 783 333 832 id
355 780 434 845 genus
455 783 561 832 mutavit
581 793 606 831 et
624 797 718 832 nomen
736 785 867 847 proprium
884 783 992 844 factum,
1013 786 1105 835 dicitnr
1124 783 1275 849 Cupidineas,

155 880 210 927 nec,
226 866 246 915 si
258 867 383 929 Apuleius
400 864 473 916 fiuxit
490 864 566 915 livedo
582 876 607 915 st
620 865 747 914 Iiaedineus
763 865 859 927 [iiuada
872 869 977 917 Metam.
990 874 1014 918 9.
1030 884 1055 932 p.
1068 875 1126 931 222,
1140 877 1181 920 26.
1198 870 1275 931 alm,

156 947 282 998 lividinem
297 964 350 1000 nou
366 948 472 1013 reperi],
493 951 550 999 ideo
567 958 592 999 et
606 951 719 1001 Plinium
732 949 902 1014 pinpuedineas
919 951 1068 1015 apinpaeda
1085 954 1176 1003 dixisse
1195 957 1276 1004 credi-
1308 991 1309 998 ,

155 1033 242 1082 derim.
264 1034 332 1084 Dein
345 1020 511 1098 pinpuedincrn
528 1049 657 1096 nunquam
676 1035 770 1085 dixisse
787 1036 901 1084 Plinium
912 1044 1017 1099 apparet
1027 1051 1059 1085 ex
1073 1051 1111 1095 9ο,
1128 1041 1206 1099 qnod,
1219 1040 1276 1088 ubi·

155 1131 263 1179 eumque
280 1119 387 1167 antehac
400 1133 429 1168 ea
440 1133 492 1167 vox
503 1119 642 1181 legebatur,
655 1119 681 1168 in
693 1120 840 1169 melioribus
852 1120 922 1168 libris
933 1126 1059 1182 repertum
1073 1129 1112 1169 est
1122 1119 1273 1183 pinquituda.

155 1200 210 1249 Nee
229 1202 309 1264 magis
331 1203 398 1266 capit
418 1202 558 1252 Ulitianum
580 1201 672 1264 vivique
693 1201 790 1264 liquoris
810 1218 840 1250 ac
863 1185 914 1251 aiei.
945 1202 1032 1253 Nostri
1053 1210 1115 1253 tres:
1137 1211 1161 1250 et
1178 1205 1277 1268 pinquis

157 1282 254 1347 liquoris
270 1284 294 1333 in
310 1284 407 1345 Sicilia,
426 1294 453 1335 nt
469 1301 502 1335 ex
518 1287 581 1336 Mss.
598 1287 746 1336 iamdudum
762 1288 794 1336 ad
811 1288 951 1349 marginem
964 1288 1075 1350 ponitur.
1100 1287 1219 1350 Optimus
1231 1289 1276 1336 hic

156 1384 202 1419 uos
220 1370 341 1430 destituit,
358 1371 385 1419 iu
402 1385 452 1434 quo
469 1373 540 1419 deest
555 1369 645 1419 iolium
662 1372 802 1431 continens,
820 1386 885 1434 quae
901 1372 1027 1420 habentur
1045 1373 1077 1420 ab
1094 1371 1170 1420 huius
1186 1374 1278 1436 capitia

157 1450 210 1514 [50,
229 1451 288 1514 176]
308 1453 426 1503 -9119999
441 1470 459 1502 9
470 1453 608 1517 saciacum
625 1453 747 1502 terebinthi
763 1454 845 1503 resina
859 1461 882 1502 et
897 1453 977 1518 lepras
998 1470 1078 1518 nsque
1099 1458 1131 1505 ad
1148 1458 1277 1518 sequentis

158 1533 285 1597 [56,194]
302 1535 423 1585 simillima
439 1545 473 1584 est
488 1534 613 1599 ampeiitis.
631 1537 734 1585 Vellem
749 1538 821 1597 scire,
843 1537 903 1600 qnid
920 1538 1012 1587 tinniat
1027 1538 1201 1587 Chifletianus.
1225 1539 1277 1599 Qui

156 1619 177 1668 si
193 1634 251 1670 cnm
262 1621 374 1669 Pintiani
390 1620 476 1668 codice
489 1621 649 1680 consentiret,
666 1621 811 1669 scriberem:
836 1619 949 1684 Gipnitur
960 1620 1032 1668 etiam
1045 1620 1135 1684 pinque
1147 1619 1278 1683 lucensque,

156 1700 256 1766 liquoris
268 1701 361 1764 oleacei,
373 1703 398 1753 in
410 1702 503 1764 Sicilia,
514 1703 684 1766 Ayriqentinos
692 1703 776 1766 santes
788 1703 894 1767 injiciens
905 1704 965 1753 rino.

191 1786 255 1836 CAP.
267 1787 354 1838 XVII.
373 1784 426 1848 [⁵7,
441 1785 500 1849 195]
522 1785 563 1835 119
579 1795 604 1835 91
619 1786 644 1834 in
660 1786 708 1835 soie
724 1787 815 1847 muntia
831 1786 889 1836 baec
896 1789 956 1851 siat,
974 1796 1001 1836 ut
1009 1796 1063 1850 post
1074 1803 1116 1836 sex
1128 1787 1200 1836 boras
1211 1803 1278 1851 aqua

157 1869 224 1920 salsa
235 1869 357 1933 abluatur]
380 1872 450 1920 Men.
464 1871 529 1921 Gud.
542 1871 618 1920 Voss.
631 1872 860 1934 Academiensque:
875 1870 928 1933 fiat
944 1877 1035 1934 etpost
1050 1886 1092 1919 sec
1110 1871 1188 1920 boras.
1206 1871 1278 1933 Lege

157 1957 234 2018 igitur
246 1964 272 2006 91
282 1954 417 2004 abluantur.

193 2039 247 2101 [58,
258 2038 318 2101 199]
341 2038 395 2096 Qua
407 2039 493 2087 circum
503 2037 660 2110 praeducere]
678 2040 858 2103 Dalccumpius
870 2041 912 2088 hic
923 2047 997 2089 notat
1008 2040 1096 2089 Persio
1109 2036 1278 2100 [89111117]

159 2127 206 2175 dici
220 2131 332 2172 cretatam
344 2123 501 2183 ambitionem,
517 2139 613 2185 eorum,
629 2125 672 2186 qui
684 2124 795 2174 honores
806 2125 934 2187 petebant,
951 2124 1069 2174 servilem
1080 2134 1106 2174 ct
1117 2124 1278 2174 summissam

159 2210 339 2270 conditionem,
352 2208 483 2268 humilem,
496 2208 630 2258 abiectam.
650 2209 728 2269 Quasi
740 2210 881 2272 respexerit
893 2210 927 2257 ad
939 2216 1041 2269 cretam,
1051 2223 1102 2270 qua
1112 2208 1191 2270 pedes
1202 2221 1280 2256 vena-

158 2296 221 2344 lium
236 2303 306 2343 trans
322 2309 391 2342 mare
403 2295 569 2342 advectorum
579 2293 772 2342 denotabantur.
790 2292 828 2341 At
839 2291 937 2340 anibitie
949 2299 1041 2340 cretata
1052 2299 1091 2342 est
1101 2292 1240 2354 petitorum
1253 2293 1280 2339 iu

158 2380 266 2429 eandida
278 2386 345 2440 toga,
358 2378 384 2426 in
396 2392 473 2440 quam
485 2378 572 2426 album
585 2385 653 2426 creta
665 2377 733 2440 apud
745 2377 870 2426 fullonem
881 2378 994 2426 additum
1006 2383 1065 2425 erat

193 2461 257 2511 Cur.
269 2461 370 2510 XVIII.
389 2458 515 2523 [19201]
542 2459 598 2509 Cum
615 2459 730 2509 laureatis
738 2460 851 2524 fascibus
868 2460 956 2508 remitti
965 2459 1006 2510 iila
1017 2456 1088 2520 unde]
1111 2457 1194 2508 Acud.
1206 2459 1279 2508 Men.

161 2545 227 2596 Gud.
243 2544 340 2593 remittit
356 2544 403 2593 biis
418 2544 461 2608 qui
475 2543 516 2594 iila
531 2544 635 2592 cretatis.
658 2545 734 2594 Voss.
751 2543 849 2592 remittit
860 2542 914 2592 inde
925 2542 965 2592 illo
977 2541 1080 2593 arctabis.
1105 2542 1205 2594 Scribe:
1225 2549 1281 2590 tan-

161 2639 252 2690 tumque
268 2644 313 2676 non
329 2644 380 2676 cum
397 2627 512 2676 mareotis
523 2627 636 2687 fascibus
652 2628 746 2689 remitti,
769 2627 829 2676 unde
845 2627 882 2676 illi
896 2628 993 2676 cretatis
1006 2626 1106 2690 pedibus
1122 2625 1279 2676 ademissent.

160 2713 386 2762 commiseratione
399 2713 491 2773 dignus
503 2713 615 2774 optimus
625 2713 768 2773 Pintianns,
786 2727 843 2761 eum
855 2711 951 2776 profert
962 2727 995 2761 ex
1006 2718 1090 2761 vetere
1103 2709 1242 2774 exemplari
1254 2717 1280 2758 91

160 2797 209 2846 sibi
220 2811 271 2845 non
282 2808 436 2858 magnopere
449 2796 581 2859 displicere
592 2795 687 2845 fatetur
698 2796 800 2844 ocreatis
810 2812 857 2860 pro
870 2795 972 2846 cretatis.

520 2992 585 3058 AD
608 2993 727 3059 LIBR.
751 2993 923 3059 XXXVI.

27 3156 29 3161 ·
100 3144 146 3188 841
197 3134 261 3185 011.
272 3134 292 3183 Ι.
311 3131 347 3195 [1,
361 3130 388 3194 2]
407 3133 464 3182 Huc
476 3131 576 3195 illucque
585 3131 724 3196 portantur]
743 3134 820 3183 Voss.
835 3132 879 3181 buc
891 3131 947 3181 illuc
960 3140 1087 3195 portantur
1101 3133 1166 3196 iupa,
1178 3134 1232 3182 sine
1245 3129 1284 3196 τῷ

162 3217 280 3267 mendum.
292 3218 391 3267 Deinde
403 3217 478 3278 idem,
492 3216 558 3266 Gud.
568 3225 594 3266 et
602 3219 682 3267 Acad.
692 3217 922 3266 mammetiamnune
930 3217 1005 3278 venia,
1018 3230 1069 3266 non
1079 3214 1184 3264 omnnia.
1203 3216 1283 3276 Quasi

163 3303 257 3351 diceret
266 3303 335 3365 prins
344 3300 407 3350 illud
417 3303 562 3351 excusatius
572 3317 626 3351 esse
637 3309 662 3350 91
670 3301 768 3350 facilius
777 3301 878 3350 veniam
888 3303 1007 3351 invenire.
1021 3303 1090 3351 Men.
1101 3300 1188 3348 maiore
1199 3298 1283 3347 etiam-

163 3399 217 3432 num
229 3384 305 3432 uenia.
323 3385 448 3446 Denique,
460 3393 489 3434 ut
501 3386 589 3445 editur,
603 3400 699 3446 omnes,
716 3400 787 3447 quam
799 3401 850 3434 cum
861 3384 896 3433 ad
905 3383 1015 3450 friqidas
1023 3393 1094 3448 patus
1105 3399 1148 3432 aas
1155 3382 1247 3446 petitur
1259 3383 1284 3430 in

162 3465 250 3530 1191119,
266 3481 320 3517 11911
333 3474 452 3529 portatur.
469 3466 545 3527 Quod
563 3469 610 3518 atsi
625 3469 717 3517 mirum
734 3483 815 3532 genus
829 3471 951 3533 loquendi
966 3471 1090 3528 videatur,
1107 3476 1192 3517 tamen
1208 3467 1284 3515 etsie

163 3554 293 3614 1111.9,95
309 3549 366 3613 [bt‚
382 3548 453 3612 loa]:
469 3549 568 3600 Indicus
583 3552 684 3601 manime
699 3552 743 3601 bas
759 3553 830 3603 mittit
844 3553 951 3604 Oceanus
968 3551 1100 3602 interillos
1116 3548 1205 3598 belluas
1223 3548 1284 3596 tales

164 3645 299 3700 tantasque,
315 3652 376 3699 quas
392 3634 505 3697 deleimus,
524 3651 569 3698 per
586 3644 618 3684 tot
633 3636 712 3686 maria
728 3638 854 3698 venientes,
880 3645 927 3685 tam
945 3637 1012 3702 lcnyo
1029 3645 1144 3685 terrarum
1162 3641 1254 3694 tractu,
1272 3649 1284 3680 e

163 3721 236 3772 matis
250 3720 306 3770 sniis
320 3719 452 3783 ardoribus,
469 3728 540 3783 atque
550 3719 619 3769 Indis
636 3738 726 3785 quaque
738 3722 763 3770 in
778 3721 870 3771 insulas
882 3729 1008 3785 petuntur:
1020 3730 1043 3770 et
1053 3718 1178 3769 admodum
1189 3719 1283 3780 paucis.

162 3807 207 3856 lib.
227 3814 265 3866 14,
284 3813 300 3855 4
318 3805 356 3868 [9,
368 3804 424 3868 52]:
443 3822 488 3854 non
504 3804 584 3853 maria
595 3804 652 3869 plus
669 3813 783 3854 temerata
802 3807 908 3868 conferre
924 3806 1057 3866 mercatori,
1074 3821 1119 3854 non
1135 3803 1160 3852 in
1176 3803 1284 3853 Rubrum

163 3887 218 3936 litus
233 3887 369 3938 Indicumue
385 3907 470 3940 merces
482 3890 577 3954 petitas.
595 3891 637 3938 lib.
652 3895 692 3950 ³0,
707 3897 718 3939 1
739 3889 774 3952 [2,
788 3889 815 3952 9]
834 3889 987 3939 voluminibus
997 3888 1116 3939 Dardani
1130 3896 1153 3936 ct
1167 3887 1193 3936 in
1206 3885 1284 3950 sepui-

162 3973 244 4022 ebrum
256 3973 306 4022 eius
318 3975 408 4037 petitis.
430 3976 480 4026 Ubi
497 3975 564 4024 male
577 3975 720 4024 Pintianus:
739 3972 894 4023 voluminibus
904 3973 1024 4023 Dardani
1038 3973 1063 4022 in
1078 3973 1183 4038 Cyprum
1195 3970 1284 4035 petitis.

163 4059 197 4106 Et
213 4060 263 4107 hoc
280 4058 325 4106 lib.
337 4065 379 4118 96,
393 4066 407 4109 6
421 4057 457 4121 [9,
472 4057 527 4121 51]ε
545 4058 610 4109 Nam
628 4057 654 4106 id
670 4075 759 4122 quoque
776 4059 880 4121 accessit,
896 4066 922 4107 ut
938 4057 973 4106 ad
987 4056 1118 4121 Aetia'apas
1133 4071 1205 4120 uspuc
1218 4062 1285 4118 pete-

164 4148 243 4201 retur,
260 4140 325 4202 quod
331 4143 430 4205 faceret
445 4160 577 4195 marmora:
597 4143 665 4193 immo
682 4143 823 4194 9919911919
839 4143 864 4192 in
880 4142 961 4194 Indos.
983 4141 1045 4192 unde
1063 4140 1285 4206 9919911199999-
