2760 4734
509 289 614 335 uorsa
628 291 672 334 An
687 291 769 334 crau.
785 293 867 334 xxn.
1205 273 1246 336 33

168 441 264 505 [7,14]
292 439 416 492 Addidere
436 440 531 490 vivendi
546 443 625 506 precio
645 440 756 505 deliciae]
784 445 842 493 Hoc
863 443 970 492 Gelenio
991 444 1118 493 debemus.
1139 445 1201 493 Mes.
1222 452 1247 494 et
1262 444 1308 493 785

133 528 239 589 priores:
264 526 351 589 pretia.
374 526 458 576 Multo
474 527 572 575 melius.
594 524 717 574 Addidere
731 529 812 590 pretia
827 524 932 586 uiuendi,
948 527 975 576 id
990 535 1040 587 est,
1055 542 1157 585 auxere,
1174 528 1248 590 plura

133 611 276 668 reddidere,
296 609 386 670 fecere,
403 617 432 658 nt
447 611 528 659 maius
545 625 637 673 operae
653 611 763 674 pretium
779 617 845 660 esset
859 611 953 659 vivere:
971 611 1063 673 quippe
1080 625 1137 660 cum
1149 627 1194 675 per
1206 626 1248 660 eas

132 694 234 743 mollius
247 695 453 756 commodiusque
466 695 508 756 agi
519 695 597 756 vulgo
609 702 718 757 putetur.
739 694 803 744 Inde
815 695 867 752 illa,
880 709 955 757 quam
968 694 1052 743 statim
1063 703 1143 754 notat,
1156 698 1247 760 cupido

132 778 205 825 vitae.
228 779 341 827 Verbum
358 776 460 838 addere,
477 785 506 826 ut
521 779 589 840 apud
606 779 706 828 Livium
725 785 784 838 2,1.
806 778 911 841 partium
928 785 988 825 certe
1005 777 1081 838 urbis,
1099 793 1159 840 quas
1175 795 1248 828 nouas

132 859 180 920 ipsi
189 859 255 908 sedes
266 861 298 909 ab
308 877 333 909 se
345 869 430 910 auctae
440 859 596 910 multitudinis
607 860 762 912 addiderunt:
781 871 810 910 ut
824 863 858 911 ibi
874 863 1009 924 legendum
1027 869 1095 910 recte
1106 863 1169 911 vidit
1179 862 1248 912 Rhe·

132 958 220 994 nanus.
242 944 412 1008 Intelligimns
428 947 502 1006 enim,
520 944 576 993 alia
588 947 704 1009 portabere.
725 947 762 996 Ut
777 947 804 994 in
819 946 903 996 Plinio
919 943 976 993 aliia
988 944 1074 1008 pretiis
1085 942 1185 993 uiuendi.
1207 944 1249 995 sie

133 1027 226 1078 Caesar
236 1030 280 1078 lib.
293 1037 308 1078 3
322 1027 395 1091 [102]
418 1032 449 1079 de
465 1029 533 1078 bello
550 1031 628 1079 civili:
650 1028 756 1079 Biduum
774 1037 909 1092 tempestate
924 1035 1027 1076 retentus
1042 1027 1144 1090 aliusque
1159 1026 1250 1077 additis

132 1112 247 1160 actuariis
263 1111 286 1160 in
307 1111 413 1161 Ciliciam
431 1120 501 1175 atque
518 1111 572 1160 inde
590 1111 692 1177 Cyprum
705 1114 818 1176 peruenit.
841 1113 900 1164 Hoc
916 1121 961 1175 est,
979 1121 1005 1162 et
1015 1114 1134 1176 parandis
1143 1114 1249 1163 navibus

132 1197 257 1257 actuariis,
275 1213 337 1260 quas
352 1211 466 1256 numeru,
483 1211 558 1259 quem
575 1198 627 1247 iam
643 1198 762 1257 habebat,
780 1198 884 1247 addidit.
911 1197 976 1247 Tale
993 1204 1031 1246 est
1047 1194 1159 1257 adiicere,
1181 1200 1251 1260 qnod

131 1280 286 1329 restituimus
303 1282 376 1330 Livio
393 1280 438 1328 lib.
453 1285 491 1340 10,
506 1284 528 1329 7.
548 1288 573 1328 ot
584 1279 614 1328 L.
627 1280 738 1330 Senecae
755 1282 919 1331 Troadem.
942 1280 1029 1330 Pretio
1045 1279 1140 1328 uiuendi
1152 1282 1250 1331 blandi·

131 1373 219 1412 menta
234 1365 308 1413 ritae.
334 1365 432 1414 Plinius
447 1364 530 1412 iunior
545 1363 589 1412 lib.
609 1370 631 1412 l.
649 1365 721 1426 epist.
741 1369 770 1413 12
789 1362 842 1426 [4]r
865 1362 916 1414 Sed
934 1371 982 1412 tam
1000 1363 1083 1428 lampa,
1104 1372 1152 1413 tam
1168 1364 1251 1426 iniqua

132 1444 265 1495 ualetudine
277 1447 464 1510 corpiietabatur,
479 1454 505 1494 ut
520 1445 578 1494 baec
590 1449 750 1511 tuutopretiu
760 1446 854 1496 vivendi
864 1447 945 1496 mortis
956 1447 1086 1496 rationibus
1097 1447 1249 1499 vincerentur.

130 1531 276 1580 Pintianus:
294 1529 416 1579 Addidere
427 1529 522 1579 urendi
529 1530 619 1594 pretia:
639 1532 708 1594 quod
720 1533 753 1582 sit
764 1532 919 1595 ablegaverc,
932 1533 1062 1592 sustulere,
1080 1539 1169 1582 canna
1180 1547 1249 1582 men-

133 1622 183 1662 tem
196 1617 314 1664 auctoris.

167 1694 202 1760 [7,
217 1697 259 1759 15]
286 1697 397 1747 Aliarum
418 1698 479 1746 iane
498 1714 584 1761 operae
604 1676 826 1761 credimussAnte
844 1699 978 1751 Gelonium
996 1710 1059 1762 erat,
1080 1717 1177 1765 οροναηι
1193 1716 1249 1750 esse.

132 1782 207 1841 Quod
228 1782 294 1832 forte
315 1784 413 1833 melius.
434 1798 492 1832 nam
510 1764 612 1832 chilla.
633 1791 658 1832 et
674 1784 815 1834 Vossianus
835 1799 921 1847 operae
937 1799 993 1833 esse.
1020 1784 1077 1834 Nisi
1097 1785 1181 1847 placet
1199 1784 1251 1833 hoc

131 1866 213 1927 ipsum
229 1868 322 1928 potius.
345 1868 419 1917 Hanc
437 1880 523 1916 euram
541 1868 608 1916 vitae
625 1874 726 1917 nostrae
742 1869 866 1917 credimus
878 1881 932 1917 esse
944 1881 1036 1931 operae
1048 1867 1167 1916 aliorum:
1186 1869 1250 1916 alios

132 1950 154 1997 ci
168 1961 270 2012 operam
282 1953 350 2011 dare,
363 1959 391 2000 ut
402 1952 463 2014 ipsis
475 1951 500 1999 id
512 1951 587 2000 nobis
598 1950 681 2000 tacere
693 1966 746 2000 non
759 1953 791 2002 sit
801 1966 911 2000 necesse.
934 1953 1033 2002 Deinde
1045 1952 1122 2001 Voss.
1135 1950 1251 1999 credimus

131 2029 277 2080 demandata
292 2032 385 2096 quidem
401 2041 488 2083 noenu
507 2041 569 2095 tum,
583 2033 703 2097 promam
716 2049 764 2082 ease
775 2050 822 2099 pro
835 2035 900 2083 bonis
911 2034 960 2097 ipsi
965 2034 1074 2096 fruimur
1085 2032 1250 2097 voluptatibus.

131 2114 228 2166 Scribe:
252 2115 352 2166 alibrum
374 2116 435 2166 bunc
452 2133 539 2180 operae
554 2133 603 2165 esse
619 2116 749 2178 credimus,·
765 2133 794 2166 nc
811 2116 923 2167 mundato
940 2116 1032 2180 quidem
1050 2125 1129 2166 nasto
1145 2117 1209 2166 alios
1226 2117 1253 2166 id

130 2214 209 2261 apere,
226 2199 365 2264 medicisque
378 2200 499 2264 prouisum
514 2215 563 2248 esse
576 2216 623 2263 pro
638 2199 711 2250 nobis.
733 2199 787 2264 Ipsi
794 2200 904 2264 fruimur
915 2198 1081 2262 voluptatibus,
1094 2209 1124 2262 et,
1136 2217 1181 2264 qua
1193 2198 1253 2249 nibil

130 2281 238 2345 equidem
248 2284 386 2347 probrosius
397 2283 463 2345 duco,
476 2283 577 2332 uiuimus
588 2281 668 2331 aliena
676 2281 780 2345 fiducia.
803 2285 921 2345 Maiores,
937 2284 1027 2346 inquit,
1039 2285 1119 2333 nostri
1130 2286 1252 2345 regebant

130 2367 179 2428 ipsi
191 2367 345 2418 valetudines
357 2383 423 2428 suas,
440 2375 465 2416 et
482 2382 543 2417 suae
559 2381 652 2430 operae
669 2382 755 2417 euram
768 2383 823 2417 eam
836 2382 891 2417 esse
904 2370 1037 2427 ducebant,
1053 2367 1122 2430 parci
1134 2366 1250 2430 volupta-

130 2457 197 2498 tum:
223 2466 291 2500 nune
310 2453 337 2500 in
356 2452 481 2500 libidines.
496 2466 543 2500 nos
566 2451 762 2513 ingurgitamus,
784 2453 845 2514 quid
866 2453 897 2500 de
918 2452 1065 2514 corporibus
1085 2450 1178 2499 nostris
1196 2450 1248 2509 liat,

130 2535 219 2594 securi,
238 2535 308 2583 omni
323 2549 354 2583 ea
370 2534 528 2597 providentia
545 2535 649 2583 medicis
667 2535 791 2596 delegate.
815 2536 948 2584 Pintianus
965 2533 1109 2583 infeliciter:
1130 2531 1250 2597 probrosis

130 2617 218 2665 utimur
229 2615 394 2680 uoluptatibus.

165 2699 226 2763 [Ib.]
254 2701 350 2766 Μαρια
366 2716 508 2763 quamquam
524 2700 631 2750 immensi
647 2700 735 2750 laboris
755 2700 854 2765 solatia]
881 2703 1035 2764 Vossianus,
1056 2718 1141 2767 mupno
1157 2718 1180 2764 q.
1198 2701 1215 2750 i.
1232 2700 1247 2749 l.

129 2783 225 2834 santio:
247 2800 339 2848 nempe
355 2786 475 2834 cohaeret
491 2785 554 2834 haec
572 2787 653 2835 oratio
671 2787 793 2836 continua
804 2800 863 2836 cum
874 2789 1090 2852 praecedentibus.
1108 2784 1183 2834 Immo
1194 2800 1248 2833 vero

127 2866 246 2931 plerisque
257 2867 320 2916 ultro
331 2868 401 2916 etiam
413 2867 497 2916 irrs'eui
507 2884 586 2916 sumus
597 2869 646 2916 rata
657 2877 835 2918 commentantes
846 2879 916 2932 atque
923 2869 1014 2933 friuoli
1023 2869 1101 2932 operis
1116 2867 1246 2930 arpuimur,

130 2965 215 3013 mapuo
226 2967 368 3013 quamquam
380 2951 487 2999 immensi
497 2951 586 3000 laboris
596 2950 688 3013 solatio,
700 2953 781 3016 sperni
791 2968 841 3001 cum
853 2968 930 3000 rerum
942 2959 1037 3000 natura.
1055 2951 1145 3010 Huius,
1157 2949 1246 3012 inquit,

129 3035 247 3094 iniuriae,
266 3037 333 3097 quod
350 3036 483 3084 irridemur
500 3044 526 3083 ct
542 3035 715 3098 vituperamur
730 3036 756 3083 in
774 3035 860 3084 labore
877 3042 962 3094 tanto,
986 3033 1104 3083 solatium
1122 3033 1246 3082 habemus

128 3132 250 3180 magnum
266 3133 313 3181 per
328 3120 424 3168 sociam
436 3119 547 3168 eiusdem
560 3118 725 3180 indignitatis.
743 3118 798 3180 quis
810 3118 878 3165 enim
890 3127 1009 3178 gravetur
1020 3118 1087 3166 idem
1098 3116 1160 3180 pati,
1178 3119 1246 3179 quod

129 3216 214 3250 rerum
232 3203 339 3251 naturai
365 3202 408 3252 Sic
426 3211 451 3251 et
468 3216 522 3265 cap.
541 3207 556 3250 8
576 3199 612 3262 [9,
626 3198 684 3262 20]:
702 3202 730 3249 ob
748 3199 790 3248 boe
807 3207 830 3247 et
839 3199 960 3250 Phaonem
977 3199 1088 3249 Lesbium
1106 3198 1214 3248 dilectum
1230 3217 1247 3249 a

129 3283 236 3352 Sappho,
250 3283 329 3333 multu
345 3284 410 3333 cirea
421 3283 464 3333 ltoc
475 3301 520 3333 non
532 3284 662 3349 Maporum
673 3283 746 3332 solum
759 3283 872 3342 uanitate,
889 3283 932 3332 sed
942 3284 1013 3332 etium
1025 3282 1245 3349 Pythoporioorum.

129 3369 173 3419 Sic
184 3370 254 3426 Mss,
266 3369 310 3417 ubi
322 3369 482 3418 subiecerunt
493 3367 581 3416 multoe
592 3367 717 3418 vanitates.
737 3368 872 3418 Consentis
883 3369 1019 3431 utrobique
1030 3370 1169 3420 Pintianus.

164 3449 200 3512 [7,
215 3450 257 3513 16]
283 3451 350 3503 Sans
361 3450 482 3500 admirari
493 3450 648 3515 amplectique
658 3467 704 3500 nun
715 3450 761 3514 est]
784 3453 902 3502 Vossian.
919 3452 980 3501 sara
990 3452 1082 3503 mirari.
1100 3463 1129 3504 ut
1141 3469 1195 3519 cap.
1215 3462 1244 3505 12

129 3533 183 3596 [14,
196 3533 253 3596 30]:
272 3544 297 3584 ut
308 3525 354 3583 non
364 3535 397 3583 sit
408 3535 494 3583 mirari
504 3535 564 3583 satta
576 3535 694 3598 inpenium
705 3535 762 3584 aius.
788 3563 794 3581 ι

164 3617 200 3680 [7,
215 3617 257 3681 17]
280 3617 340 3667 Inde
356 3617 510 3683 excapitavit]
534 3620 594 3669 Non
610 3620 691 3684 reperi
706 3620 732 3668 in
751 3621 849 3683 optimo
861 3617 892 3669 τὸ
905 3618 970 3671 iude:
989 3629 1014 3670 et
1025 3622 1124 3688 videtur
1136 3635 1190 3670 esse
1201 3622 1244 3670 ad·

127 3703 295 3752 ditamentum
313 3704 433 3765 alieuius,
452 3704 495 3766 qui
512 3719 540 3754 se
557 3703 646 3754 melius
663 3711 763 3753 nectere
781 3705 954 3768 superioribus
970 3703 1090 3753 inferiora
1106 3718 1182 3767 posse
1198 3720 1245 3768 pu-

126 3787 211 3848 tabat,
236 3802 313 3850 qnam
336 3787 410 3836 libuit
432 3788 524 3839 Plinio.
553 3787 713 3838 Exterminat
737 3791 842 3838 eandem
865 3788 1016 3852 particulam
1036 3788 1187 3837 auctoritate
1207 3789 1245 3838 sui

127 3870 222 3918 codicis
240 3871 380 3921 Pintianus.

162 3952 226 4002 Cur.
239 3954 287 4003 IX.
302 3953 354 4017 [ll,
368 3953 412 4017 25]
436 3955 531 4018 Lonpu,
544 3971 584 4004 ceu
596 3954 646 4016 uiti,
658 3954 743 4005 coloris
754 3956 831 4006 busci.
853 3954 986 4017 Meliorqus
1002 3951 1084 4018 nipru]
1105 3956 1146 4005 De
1161 3957 1245 4004 radice

126 4036 302 4100 glycyrrhizae
322 4038 443 4102 loquitur.
472 4040 535 4089 Mss.
556 4038 645 4090 citium
676 4039 725 4090 Sed
747 4042 875 4104 quomodo
896 4039 989 4088 eoloris
1008 4038 1087 4087 buxei
1107 4038 1199 4089 dicitur
1219 4040 1245 4087 iu

126 4134 226 4182 genere,
244 4129 270 4171 et
281 4130 366 4172 tamen
378 4123 467 4172 melior
477 4124 568 4186 nigra?
586 4123 750 4174 Dioscorides
761 4120 901 4186 πυξοειδῆ.
920 4123 1001 4184 Lege:
1021 4119 1092 4186 lonpa
1102 4137 1143 4170 ceu
1155 4120 1244 4170 uitium.

1022 4201 1043 4264 3
