2760 4734
184 290 225 353 (18
673 304 816 349 aaaron

184 476 233 509 curn
245 458 359 521 sanpuiae
370 463 393 504 et
403 465 516 517 castoreo,
526 456 645 520 quonian.
662 456 818 507 Dioecoridis
829 456 912 505 verbo.
924 464 991 505 sunt
1003 456 1057 505 lib.
1071 462 1099 518 2,
1114 462 1157 509 20.
1175 452 1283 505 Δολοῦοι
1291 454 1317 505 bi

184 558 255 599 τινες
265 539 332 591 αὐτὸ
345 538 512 601 ἀμμονιακὸν
525 540 542 605 ἢ
555 537 636 601 κόμμι
648 536 875 604 συμπεφυρμένον
887 534 994 601 αἵματι
1008 536 1062 589 nal
1072 538 1215 607 καστορίῳ
1224 538 1316 609 inier-

184 643 231 684 τες
241 622 283 683 εἰς
294 622 400 689 odacar
413 622 456 673 zai
470 622 654 691 ξηραίνοντες.
678 626 756 675 Voss.
772 621 941 673 wnicientiunr
958 624 1084 673 anain
1102 642 1158 675 eran
1169 624 1316 689 camdenus

184 709 377 758 hammoniacum.
400 709 498 759 Scribe:
516 706 580 770 quod
595 708 670 771 ι’ροον
686 704 911 771 corrumpisraude
933 706 1130 757 conficientium
1150 708 1259 774 auum
1273 722 1313 757 cn

184 794 298 857 sanquine
309 802 352 840 aut
363 791 540 841 aramoniacum.
562 790 629 841 Nara
640 790 759 852 corrumpi
768 790 923 839 mutandam
938 804 995 841 non
1010 802 1065 851 est,
1083 807 1170 857 quum
1181 794 1215 843 ud
1224 794 1248 841 id
1257 790 1313 841 initl-

186 879 281 939 lignsar
294 874 370 925 tradit
381 874 478 925 Sextiae
490 872 682 936 dilipentieeimue
693 870 828 921 medicinae.

220 959 273 1022 [ls,
291 959 335 1022 27]
358 956 531 1021 Efficacieeimi
544 973 557 1004 e
572 956 649 1005 Ponto
669 954 795 1017 Galatiae,
811 970 866 1004 nior
880 954 1008 1019 Africae]
1036 958 1137 1009 Scribe
1155 974 1216 1009 cam
1229 958 1314 1009 Vosne

185 1044 262 1095 aaa
277 1042 429 1105 (reatuque,
441 1056 496 1089 aa
507 1040 604 1104 asna.
628 1040 720 1089 stram
732 1040 853 1089 vanai
870 1039 934 1099 auo,
952 1048 981 1089 a
998 1042 1047 1091 sa
1066 1044 1164 1095 anam
1182 1042 1256 1093 veru
1265 1030 1314 1093 ne

185 1144 242 1177 rene
253 1129 345 1177 melior
355 1132 521 1173 sternumenta

219 1213 284 1263 Cer.
297 1210 344 1259 IV.
358 1208 412 1272 [14,
425 1206 470 1269 36]
493 1208 558 1259 Dein
572 1215 627 1271 poet
643 1205 735 1270 aliquot
751 1205 802 1255 dieo
817 1204 932 1269 vespm]
952 1206 1062 1271 scripti
1082 1218 1212 1273 quatuor:
1228 1208 1274 1257 diu
1284 1208 1315 1257 tir

185 1312 291 1359 coepero.
308 1294 473 1356 Praecipuus:
486 1290 540 1340 dein
550 1298 604 1355 poet
614 1290 706 1353 aliquot
717 1289 769 1339 dieo
780 1290 837 1337 bino
847 1304 961 1352 vespera.
978 1290 1103 1345 nietam
1115 1303 1175 1344 erut
1183 1304 1251 1345 ante:
1259 1292 1315 1343 ttae

184 1378 280 1445 siapula
292 1387 315 1427 et
325 1377 442 1426 matutina
453 1384 475 1423 et
487 1376 621 1439 vespertina
632 1372 729 1423 dantur.
752 1374 872 1437 Reperios
884 1379 910 1422 et
922 1376 999 1437 apud
1012 1376 1187 1427 Piaaanm.

220 1464 274 1525 [14,
287 1460 332 1523 38]
349 1458 473 1510 Oculorum
485 1474 575 1521 quoque
586 1456 656 1519 citra]
670 1458 746 1506 Voss.
762 1454 888 1506 Oculorum
899 1456 986 1519 utique
999 1458 1079 1509 vitia.
1092 1468 1125 1511 nt
1138 1468 1168 1511 et
1177 1462 1286 1511 Pintinni

220 1546 274 1609 [14,
288 1542 332 1605 39]
351 1543 404 1593 ⁴b'ec
416 1558 517 1591 concere
529 1542 627 1590 incurva
638 1538 723 1601 calice]
742 1540 819 1591 Voss.
836 1555 878 1588 nec
895 1554 1006 1590 convew
1024 1550 1138 1593 corvata
1149 1542 1232 1595 eoliae.
1250 1542 1312 1605 Quor

186 1642 223 1679 est
235 1637 342 1678 curuata.

220 1715 285 1765 cin.
294 1714 327 1762 V.
341 1710 394 1773 [19,
405 1708 449 1771 53]
465 1709 564 1759 Coluber
576 1717 610 1757 est
622 1711 645 1757 ia
657 1705 822 1771 aqnaoicene]
841 1708 939 1759 Omnes
951 1709 1091 1773 quinque:
1108 1710 1220 1762 Galubm
1230 1712 1312 1775 ἰοομ

188 1800 277 1847 cirene.
296 1796 346 1847 Sed
359 1804 384 1844 ct
397 1796 465 1857 quod
477 1794 606 1858 praeeedit
612 1794 686 1843 Voss.
698 1791 764 1842 Iden
774 1790 811 1839 lu'e
819 1790 900 1855 πνοιὴ
912 1792 1025 1843 deinder
1039 1794 1188 1844 auxiliatur
1195 1810 1248 1845 aero
1256 1792 1311 1843 di·

186 1882 308 1946 efficacias
324 1888 365 1929 est.
388 1878 443 1928 Alii
457 1886 577 1941 quatuor:
589 1875 647 1924 Item
660 1875 697 1924 bie
708 1876 775 1923 ranis
787 1874 877 1935 lieren,
888 1883 938 1923 ete.
950 1876 1100 1927 auxiliatur
1110 1878 1183 1929 iecra
1193 1894 1246 1929 oero
1254 1876 1311 1927 etin

185 1966 316 2029 efficaciae.
334 1966 438 2026 Menap.
451 1974 477 2011 et
486 1961 553 2011 Gud.
566 1976 668 2024 quoque
680 1958 802 2023 efficacius
812 1966 855 2019 eut,
867 1958 1057 2021 etAndegav„
1072 1964 1120 2025 qui
1133 1972 1163 2013 et
1171 1960 1310 2013 mitiora.

185 2052 266 2112 Lege:
283 2046 367 2107 lidan,
384 2045 413 2093 de
425 2044 462 2092 lais
473 2045 541 2092 raab
552 2042 635 2092 lienem
648 2051 731 2091 contra
741 2056 840 2103 venena,
851 2040 986 2104 quaefiaat
998 2059 1034 2092 en
1046 2045 1120 2109 ipsa,
1138 2044 1269 2105 aucilr'rai5
1279 2060 1311 2095 ca

185 2149 239 2181 nero
250 2132 322 2179 etiam
334 2128 462 2193 ςθὶοαοὶιιε.
481 2127 529 2175 Eut
539 2125 636 2176 colubra
648 2128 671 2175 in
683 2142 750 2190 aqua
759 2124 848 2174 uiuene.
864 2126 970 2175 Malunt
981 2136 1080 2177 nutem
1090 2140 1198 2183 setores
1205 2144 1311 2195 saepem

186 2215 268 2263 lubrae
279 2230 356 2278 quarn
368 2211 481 2262 colubros.
503 2212 546 2262 Sic
558 2211 623 2261 inira
634 2225 689 2275 cap.
704 2214 717 2259 7
732 2208 785 2271 [26‚
798 2207 858 2270 82]=
876 2207 1005 2273 Enipeus
1018 2220 1130 2261 uocatur
1142 2230 1161 2263 a
1177 2212 1311 2267 Graecita-

186 2298 254 2347 lubra
266 2299 291 2347 ia
302 2314 367 2361 aqua
378 2296 464 2345 rivere.
483 2296 524 2345 Sic
538 2296 656 2355 Pintiani,
667 2294 777 2354 chilion,
788 2300 898 2356 quatuor
911 2296 1001 2343 nostri.
1016 2310 1079 2359 cap.
1093 2304 1111 2347 9
1127 2296 1186 2361 [33,
1201 2294 1257 2361 104]
1267 2310 1311 2347 non

186 2385 267 2444 aliter,
281 2382 409 2445 aquaticae
421 2380 537 2430 colubrae.
555 2377 632 2428 Iidem
644 2388 707 2441 puta
719 2375 817 2425 traduat
828 2384 943 2425 auctores.

219 2469 283 2519 orn.
296 2468 344 2517 VL
357 2465 410 2527 [21‚
425 2463 468 2525 59]
490 2462 579 2512 ibatra
591 2461 676 2525 leporis
687 2460 776 2510 marini
785 2476 874 2509 cenem
885 2468 908 2508 et
922 2468 1003 2509 oetrea
1016 2461 1200 2515 adversantur.
1215 2462 1267 2515 irai
1278 2462 1310 2511 ai·

186 2550 265 2612 detur]
285 2552 398 2599 Verbum
410 2550 529 2598 ultimum
544 2562 597 2596 non
613 2547 709 2596 habent
719 2547 794 2595 Voss.
807 2544 908 2594 chiren
919 2544 1037 2595 Pintiani
1055 2549 1159 2611 codex,
1178 2550 1222 2614 qui
1234 2561 1311 2599 onnes

187 2636 271 2694 etiem,
283 2643 311 2682 ut
323 2644 349 2682 ct
361 2633 404 2682 alii
416 2632 495 2681 nostri
507 2640 623 2694 quatuor,
636 2628 703 2679 idern.
726 2630 800 2679 Unde
813 2628 957 2677 Pintianus:
969 2626 1070 2691 Fidem,
1083 2640 1197 2696 nepam,
1215 2640 1311 2687 mas,

187 2718 248 2765 eatis
260 2715 346 2764 dictraa
359 2722 394 2762 eet
406 2713 434 2763 de
446 2713 489 2762 iia
507 2714 660 2775 Elegantius
672 2728 749 2775 qaam
760 2726 827 2761 rere.
844 2712 888 2761 Me
899 2726 1002 2775 quoque
1015 2712 1181 2767 offendebat
1192 2730 1269 2779 μου
1278 2716 1311 2765 1ο-

186 2800 287 2862 quendi,
304 2796 430 2845 adversari
442 2803 523 2844 canoa
538 2810 633 2845 venena.
651 2797 706 2846 Etsi
722 2797 790 2846 haud
800 2796 914 2858 ignorem
924 2794 1009 2845 Plauti
1022 2797 1052 2845 in
1065 2800 1184 2849 Marcet.
1197 2798 1265 2863 [2³.
1273 2792 1311 2857 ts]

186 2882 238 2931 nolo
256 2880 383 2930 advorsari
398 2888 462 2928 tuam
478 2878 595 2927 adauae
610 2880 755 2929 sententian.
774 2878 825 2929 Sed
836 2879 922 2943 placet
932 2880 1060 2943 coniungi
1071 2883 1237 2949 principium
1246 2882 1312 2933 huia

186 2968 275 3030 capitis
285 2982 342 3017 cnm
351 2967 401 3016 line
410 2965 556 3028 superioris,
565 2965 615 3013 hoc
623 2968 709 3014 modo:
719 2962 754 3011 Et
762 2962 844 3011 cancri
850 2961 938 3011 marini
946 2960 1040 3011 decocti
1047 2964 1088 3013 ius
1093 2974 1187 3015 contra
1194 2966 1311 3033 marite

186 3051 274 3114 efficax
286 3050 391 3109 labetur,
400 3047 554 3112 peculiariter
566 3064 620 3096 uero
631 3055 713 3095 contro
726 3046 813 3110 leporu
823 3046 912 3095 marini
921 3062 1017 3095 mena.
1037 3046 1078 3097 Et
1089 3056 1179 3099 ostrea
1190 3048 1310 3101 adram

188 3145 225 3184 tur
237 3132 326 3183 iisdem.
345 3132 398 3183 Nec
406 3141 484 3197 potent
495 3130 572 3180 rideri
580 3132 640 3179 eatis
653 3130 740 3179 dictum
752 3146 801 3179 eece
812 3129 842 3179 de
853 3129 897 3179 lu's.

124 3220 169 3265 811
221 3217 274 3281 [21‚
289 3217 332 3279 60]
355 3216 435 3275 Quare
451 3216 544 3265 minora
559 3217 583 3265 ia
599 3215 656 3263 aliu
672 3213 729 3263 locie
741 3211 901 3278 reperiantur]
919 3214 1055 3277 Nusquam
1070 3213 1103 3263 τὸ
1124 3216 1195 3267 locir.
1217 3218 1310 3279 Andeg.

187 3306 255 3351 Men.
268 3302 333 3352 Gud.
346 3303 370 3349 ia
382 3300 443 3348 alios
454 3300 604 3364 reperiuntur
616 3298 724 3361 opacitas
734 3297 848 3361 prohibet.
871 3298 952 3347 Aced.
965 3296 991 3345 in
1001 3294 1056 3345 alio
1068 3301 1228 3362 reperiuntur
1238 3300 1310 3365 opaci·

187 3394 224 3431 ras
236 3383 330 3431 inhibet.
352 3385 502 3435 Primarias:
518 3400 593 3431 caraea
610 3383 657 3431 ista
671 3382 720 3431 alio
732 3398 807 3446 quare
818 3382 912 3430 minora
923 3381 948 3429 iu
959 3381 1116 3444 reperiuntur
1128 3386 1243 3448 opacitas
1253 3382 1309 3435 coll-

187 3469 230 3515 bet.
249 3468 365 3527 Quorum
376 3468 459 3517 solum
471 3468 561 3517 colibet
576 3484 609 3517 cx
622 3467 699 3517 chifl.
715 3476 844 3515 notumne.
866 3467 957 3516 Potest
973 3472 1062 3514 autem
1081 3468 1200 3519 edidisse
1215 3478 1308 3519 aanor:

185 3551 255 3601 llaec
267 3549 359 3601 videtur
370 3568 451 3613 causa,
464 3552 488 3600 ia
499 3552 546 3601 citu
558 3551 607 3600 alio
618 3567 693 3614 quare
705 3550 797 3599 minora
808 3550 965 3613 reperiantur.
992 3548 1112 3612 Opacitar
1130 3550 1227 3603 colibet
1240 3552 1308 3601 incre·

186 3644 285 3685 mentum
297 3644 319 3683 et
331 3635 428 3684 tristitia
440 3636 516 3685 minus
527 3634 642 3699 adpetunt
653 3635 723 3685 cibos.
741 3635 896 3695 Plinisnurn,
908 3641 937 3683 ut
945 3634 1013 3696 quod
1023 3636 1152 3699 maxime,
1166 3636 1194 3686 in
1202 3634 1306 3685 ritualia.

186 3721 253 3770 Vide
264 3723 296 3769 ad
308 3720 352 3770 lib.
366 3725 407 3781 21,
420 3726 450 3770 31
466 3717 573 3783 [potius:
586 3723 627 3779 21,
643 3724 681 3780 1³,
695 3725 736 3779 45,
751 3716 803 3778 77],

221 3801 274 3865 [21‚
289 3801 333 3865 61]
350 3802 526 3866 Calliblepiara
537 3799 695 3865 appellantes]
709 3802 751 3852 Sic
764 3803 924 3862 Hermolaus,
937 3815 996 3851 cum
1008 3810 1087 3863 essen
1098 3800 1206 3853 collibia
1214 3810 1304 3869 parate.

186 3888 262 3936 Voss.
272 3885 382 3935 collatae
388 3886 503 3949 piarata.
520 3886 653 3947 Andagav.
664 3893 690 3935 et
699 3885 765 3935 Gud.
778 3883 878 3949 collybia
886 3892 985 3947 parata
1003 3884 1090 3935 Acud.
1102 3884 1211 3952 collubia
1218 3892 1304 3951 pum

186 3971 289 4034 Menup.
302 3969 393 4019 callobie
401 3979 500 4033 parata.
523 3970 623 4020 Scribe:
640 3966 839 4032 calliblepharata
850 3966 1004 4032 appellantes.
1027 3968 1098 4019 Num
1112 3968 1304 4035 calliblepbam

186 4066 224 4104 cet
235 4056 318 4117 ipsum
328 4063 516 4105 ornamentum:
536 4069 585 4117 qao
598 4068 662 4116 quae
673 4053 794 4116 insignite
805 4062 872 4114 sant,
884 4054 976 4103 merito
988 4052 1156 4119 appellentur
1167 4066 1253 4107 ostrea
1262 4050 1304 4103 cal·

188 4137 354 4201 libleplrarata.
