2760 4734
165 261 205 323 92
594 340 597 352 Ι
654 278 796 321 anouovr

67 481 72 489 ,
165 429 246 479 millia
265 433 408 490 nummdm3
430 428 558 491 posterior
575 424 674 474 ducenta
695 425 869 490 quinquaqinta
888 425 964 475 millia
985 424 1117 486 denaridm,
1138 423 1219 474 πέντε
1236 423 1283 477 καὶ

166 507 251 562 εἴκοσι
266 509 404 575 μυριάδας
418 507 463 559 καὶ
480 506 696 576 πεντακισχιλίας
711 507 848 576 δραχμάς,
871 512 953 561 decies
970 519 995 561 et
1014 511 1104 571 viginti
1121 510 1209 559 millis.
1235 511 1287 559 Illa

166 597 263 658 viginti,
279 596 345 644 hacc
363 596 467 657 triginta
483 595 564 644 millis
579 595 725 657 Philippum
741 604 897 644 nostrorum.
920 594 974 644 Nec
986 609 1045 644 vero
1058 597 1128 644 deest
1140 594 1285 657 quicquum,

166 682 235 742 quod
252 693 304 728 uon
321 681 414 738 deesse,
432 686 521 742 utpote
539 680 672 726 commode
688 679 882 740 intelligendum
900 691 933 726 ex
945 678 1037 739 vicino,
1054 678 1154 727 Plinius
1166 678 1286 727 voluerit:

166 760 231 825 quod
249 760 325 810 locari
340 761 432 810 solitum
449 761 483 811 X
499 760 542 811 CO
555 760 653 821 annuis,
674 768 801 824 postquam
819 760 967 809 obliteratum
984 768 1049 821 erat,
1070 758 1171 810 t‘GLV.
1194 776 1288 823 nempe

166 845 245 895 locari
256 847 365 895 >solitum
384 854 428 896 est.
453 846 520 895 Gud.
537 843 601 907 quod
617 843 693 893 locari
707 843 801 893 solitum
817 844 850 894 X
864 843 939 892 libras
954 859 998 908 per
1015 840 1059 892 00
1072 859 1147 892 annos
1162 851 1288 906 postquam

167 930 315 979 obliteratum
331 939 385 978 crat
400 928 480 978 reddit
490 928 611 979 LXXII.
635 930 672 979 Ut
683 937 709 979 et
720 931 810 990 Acad,
823 931 872 979 nisi
884 930 953 993 quod
964 927 1044 977 reddit
1055 944 1116 977 nuuc
1126 925 1248 989 LXXII,
1261 937 1288 978 et

167 1017 278 1077 Mencp,
290 1015 339 1064 nisi
352 1015 421 1076 quod
433 1012 511 1062 reddit
520 1011 672 1063 LXXXII.

203 1097 267 1149 cnr.
284 1097 387 1147 XVIII.
406 1095 459 1159 [50,
473 1094 533 1157 137]
556 1095 670 1158 Aliequin
683 1095 776 1159 plumbi
789 1111 801 1143 1
808 1094 955 1159 fornacibus
970 1092 1059 1142 tuticus
1074 1094 1157 1142 nonius
1173 1093 1287 1156 senatur]

167 1181 245 1230 Voss.
255 1179 347 1244 plumbi
348 1179 488 1244 sanceium
501 1178 595 1229 halitus.
620 1180 686 1230 Gud.
698 1183 766 1230 Men.
778 1182 860 1230 Aced.
873 1181 998 1230 hactenus
1009 1179 1104 1239 iuvant,
1117 1179 1186 1241 quod
1199 1189 1289 1228 carent

171 1264 365 1326 praepositione.

204 1344 257 1408 [50,
272 1347 331 1410 170]
358 1349 482 1399 Versatum
498 1347 594 1398 rudibus
604 1348 695 1410 ferrers
710 1355 753 1396 aut
760 1346 906 1412 fmumceir]
929 1348 1006 1397 Voss.
1024 1343 1136 1394 undem.
1163 1346 1288 1408 Virgilius

169 1429 212 1479 lib.
226 1437 240 1480 5
254 1429 330 1492 [vers.
344 1430 405 1493 208]
423 1434 543 1482 Aeneid.:
788 1491 790 1497 Α

405 1517 567 1578 Ferratasque
579 1514 658 1565 trudes
669 1524 692 1564 et
703 1523 774 1564 acuta
786 1513 882 1580 cuspide
893 1522 971 1564 contos

404 1598 551 1662 Enpediunt.

169 1681 210 1731 Sic
226 1681 292 1730 enim
309 1683 397 1745 optimi
414 1684 524 1733 codices:
542 1684 578 1732 sic
589 1683 702 1732 Isidorus
715 1684 811 1746 Origin.
824 1683 867 1732 lib.
883 1689 922 1743 18,
936 1687 967 1744 7.,
984 1685 1025 1733 cui
1038 1680 1117 1730 audes
1134 1691 1194 1733 sunt
1205 1684 1290 1731 amites

168 1778 220 1811 cum
232 1763 395 1829 lunatoserro‚
406 1767 437 1815 ab
448 1783 474 1815 eo
485 1765 550 1830 quod
561 1765 656 1814 trudunt
667 1775 689 1814 et
700 1765 833 1815 detrudunt.
857 1767 939 1816 Tacit.
956 1768 1000 1816 lib.
1012 1774 1027 1817 3
1042 1764 1098 1829 [ts]
1118 1769 1217 1816 annale
1236 1767 1290 1829 pui-

169 1845 224 1895 dam
237 1847 344 1898 trudibus
355 1858 398 1899 aut
401 1849 484 1912 furcis
495 1849 591 1898 inertem
603 1848 684 1897 molem
695 1857 850 1912 prosternere.

204 1930 256 1994 [52
272 1931 330 1994 172]
349 1933 461 1982 Lavotm
472 1933 497 1981 in
509 1932 585 1982 linteis
597 1933 661 1981 ruris
672 1933 697 1982 in
708 1949 774 1996 aquo
786 1931 891 1995 coense]
914 1934 1133 1996 Praepositionem
1149 1935 1289 1997 posteriore

169 2017 227 2065 loco
240 2019 319 2066 nescit
331 2019 480 2076 Vossianus,
493 2025 558 2067 utet
571 2025 620 2068 tres
633 2017 684 2067 ulii.

205 2099 257 2161 [53,
273 2098 332 2161 173]
355 2100 403 2148 Est
419 2099 581 2166 molybdaena,
599 2117 670 2164 quam
686 2100 748 2150 aliti
762 2099 873 2164 polenum
890 2100 1031 2161 vocavimus,
1048 2099 1142 2164 plumbi
1157 2109 1179 2148 et
1193 2100 1291 2163 arpenti

170 2199 228 2232 uena
243 2183 379 2246 communis]
402 2187 478 2235 Voss.
494 2184 541 2233 Est
556 2193 579 2233 et
595 2183 751 2249 molybdaena
768 2201 838 2247 quam
855 2183 904 2234 alte
920 2182 970 2234 loco
985 2183 1096 2248 polenum
1108 2183 1289 2248 appellavimus,

170 2282 252 2315 venam
264 2268 358 2330 arpenti
364 2267 500 2331 plumbique
511 2269 644 2317 communis.

205 2349 258 2412 [55,
273 2349 332 2412 177]
354 2349 410 2415 Ipso
423 2352 505 2401 nidore
517 2351 597 2401 itidem
609 2351 724 2414 medetur]
743 2355 818 2403 Voss.
832 2351 914 2402 isdem.
935 2352 1014 2415 Lege,
1031 2351 1119 2401 iisdem.
1139 2351 1204 2402 Gud.
1217 2352 1289 2401 Men.

170 2435 251 2484 Acad.
264 2434 314 2483 eis:
322 2438 394 2486 Idem
406 2437 545 2486 Pintiunns.

205 2514 294 2580 [Ibin]
321 2519 372 2567 Aut
388 2518 553 2569 sandarachae
572 2519 674 2570 similius
690 2529 732 2583 est,
752 2519 854 2571 deterius
870 2517 1029 2581 eraduntur]
1054 2518 1130 2570 Voss.
1152 2516 1228 2566 simile
1246 2527 1291 2579 cst,

171 2599 272 2649 delerem
284 2600 410 2652 iudicatur.

540 2736 606 2803 AD
628 2737 746 2802 LIBR
768 2733 923 2802 XXXV.

206 2857 329 2905 Paoouu.
342 2854 421 2918 [1111]
440 2856 625 2905 Annascentium
637 2873 728 2920 quoque
740 2857 785 2921 eis]
808 2861 883 2909 Voss.
896 2856 1058 2919 Metellorum,
1076 2857 1158 2920 quibus
1170 2873 1225 2921 opes
1235 2873 1290 2906 con·

172 2940 486 3003 stant,.apnnscentiumque
503 2940 544 2990 eis.
572 2941 639 2993 Gnd.
655 2943 726 2992 Men.
743 2944 824 2992 Aoed.
846 2959 876 2991 aa
897 2941 1040 2991 nascentium
1062 2942 1088 2990 in
1106 2941 1145 2990 ecs.
1177 2942 1290 2991 Pintiani

174 3025 264 3084 codex,
276 3022 500 3088 adnasccntiumque
511 3024 552 3075 eis.

208 3105 270 3168 [In]
289 3108 390 3157 Morosa
405 3108 516 3176 caelandi
529 3108 688 3174 pinpendique
704 3126 734 3159 ac
751 3108 859 3175 tinpendi
868 3108 999 3171 subtilitas]
1023 3110 1094 3173 Lege
1106 3123 1163 3157 cum
1176 3108 1251 3157 Voss.
1265 3117 1291 3156 11

172 3191 284 3240 Ρ1111111
300 3194 396 3242 codice:
418 3192 529 3243 caelandi
535 3193 693 3257 finpandique
704 3210 734 3242 ac
746 3193 859 3258 tinpcndi.
881 3195 1011 3246 Plestieen
1021 3193 1143 3256 intellige,
1160 3190 1291 3254 elfinpcre

172 3288 202 3321 en
214 3274 304 3338 arpilla
314 3276 484 3339 similitudines,
496 3286 524 3328 ut
535 3280 595 3328 alibi
607 3280 727 3341 loquitur.

206 3357 271 3407 Cer.
283 3359 304 3407 Ι.
323 3359 358 3421 [1,
371 3359 398 3421 3]
421 3360 535 3410 Mecales
551 3378 613 3424 quac
629 3378 675 3409 non
691 3368 766 3410 essent
780 3361 805 3410 in
821 3363 907 3412 crustis
921 3359 1056 3423 inserendo]
1080 3362 1155 3411 Voss.
1172 3374 1234 3422 quaa
1245 3375 1292 3406 non

173 3455 221 3489 esse
231 3441 256 3490 in
268 3442 359 3492 austu.
374 3445 447 3506 Vult,
458 3449 527 3508 quod
538 3461 571 3495 ex
582 3447 660 3495 veteri
672 3452 763 3495 notant
774 3447 806 3494 ad
819 3448 967 3510 marginem,
978 3446 1192 3509 praepositionem
1205 3443 1291 3492 deleri.

110 3538 160 3582 830
171 3523 241 3588 Lege
257 3535 342 3576 eutem
359 3544 408 3591 qua
422 3545 468 3576 non
486 3537 567 3578 essent.
591 3531 618 3578 id
636 3536 685 3590 est,
702 3545 754 3592 qua
769 3538 848 3594 parte.
875 3532 922 3581 Ait
939 3532 1007 3579 enim
1022 3529 1133 3579 Neronis
1149 3527 1292 3590 principatu

173 3613 304 3662 inventum
320 3613 415 3662 rudere
432 3614 556 3662 unitatem
573 3613 666 3675 crustis,
684 3615 725 3663 vel
743 3616 817 3664 sectis
833 3614 980 3676 fragmentis
1001 3614 1096 3662 coloris
1117 3612 1209 3660 diversi
1229 3609 1292 3658 inse-

173 3695 246 3745 rende
257 3696 371 3759 nanus,
383 3713 431 3760 qua
443 3704 513 3760 parte
524 3697 584 3747 illue
600 3714 646 3746 non
663 3706 737 3747 essem
752 3699 861 3748 nativae.
885 3698 948 3748 Tres
964 3699 1015 3758 clii,
1033 3695 1139 3744 maculas
1150 3710 1196 3743 non
1207 3709 1257 3743 esse
1268 3695 1294 3743 in

173 3779 265 3830 crustis
287 3781 356 3831 Illud
371 3789 398 3830 ut
410 3797 521 3845 purpura
538 3780 722 3845 distinpueretur
738 3779 889 3847 Synnadicus
910 3782 977 3831 mele
989 3781 1126 3832 Gonsalius
1143 3779 1246 3842 excepit
1260 3779 1293 3826 ad

174 3867 322 3916 Petronium
343 3864 387 3929 [de
404 3868 463 3917 bell.
482 3868 529 3916 civ.
546 3864 599 3927 st].
627 3867 694 3916 Vide
711 3866 852 3918 Observatt.
870 3870 894 3926 3,
909 3871 937 3915 11
953 3863 1024 3929 [pag.
1040 3871 1099 3915 400.
1113 3903 1144 3914 ..
1156 3877 1216 3927 pag.
1234 3864 1293 3912 257.

174 3949 303 4012 Frotsch.]

210 4034 274 4084 011.
293 4034 327 4083 Π.
347 4032 382 4095 [1,
397 4033 423 4096 7]
447 4033 521 4083 Aliae
529 4035 598 4099 soris
610 4042 633 4082 et
644 4034 709 4083 eirca
721 4033 803 4083 limina
814 4034 946 4083 animorum
959 4032 1086 4097 inpertiam
1098 4030 1214 4094 inopines
1225 4038 1295 4078 mant

175 4115 268 4178 affinis]
290 4119 422 4168 Pintienus
438 4119 554 4169 maiorum
569 4119 670 4184 pentium
686 4120 727 4169 vel
743 4117 874 4167 alienarum
890 4118 992 4182 pontium
1009 4119 1141 4167 coniectat
1164 4116 1206 4178 Ex
1218 4115 1294 4164 resti·

175 4203 223 4266 giis
235 4201 335 4253 Ohiflet
347 4202 462 4252 minorum
472 4204 575 4268 pantium
587 4211 659 4255 notet
671 4211 696 4253 et
703 4204 834 4267 ,improbet
844 4203 1033 4267 Delecumpius.
1051 4203 1133 4252 Acad.
1144 4200 1215 4250 Men.
1225 4198 1292 4250 Gud.
