2760 4734
409 293 514 336 nonan
530 293 573 334 an
589 294 673 336 nrns.
688 294 808 336 xxxnr.
824 292 940 336 xxxrv.
1195 278 1236 342 85

112 444 198 493 damis
209 449 297 492 uatum
309 442 453 492 volucrunt.
465 445 508 492 Ex
519 441 642 493 Inserend.
655 460 680 507 p.
693 442 763 504 816]
782 444 859 493 Hunc
874 447 958 496 locam
976 448 1101 510 reliquum
1114 449 1236 512 explicui·

112 541 170 576 mua
182 529 210 575 in
221 527 348 576 Pecuniae
360 526 462 576 Veteris
475 531 499 586 1,
511 534 535 588 8,
549 534 606 578 686.

147 609 213 660 Gar.
230 611 264 659 V.
283 607 341 671 [10‚
362 607 404 671 19]
427 608 557 672 Equestres
574 610 655 673 utique
674 619 768 660 statuae
784 611 920 661 Romanam
940 612 1117 663 celebrationem
1137 613 1235 676 babent]

114 696 195 745 Acad.
214 693 282 743 Gud.
299 694 368 743 Men.
384 692 515 756 Equestres
530 709 584 743 cero
601 703 703 744 statuae.
731 696 807 745 Voss.
824 694 954 758 Equestres
970 695 1050 759 utique
1069 713 1130 748 vcro.
1156 699 1237 762 Lege:

111 777 243 842 Equestres
254 777 339 839 ubique
354 779 406 838 fere
418 785 520 827 statuae.

147 861 201 925 [11,
215 859 259 922 21]
277 859 414 910 Ρ11111111
425 877 469 922 res,
487 860 536 910 nisi
543 861 644 924 friuolis
655 863 767 926 coepr'sset
778 862 865 926 initiis]
884 865 960 915 Voss.
974 874 1001 914 et
1015 865 1081 917 Gud.
1094 866 1120 914 ni
1129 866 1236 930 friuolis.

147 943 210 1007 [Iu]
229 944 341 1007 Namque
357 952 380 992 et
394 943 463 993 Actii
477 944 556 995 Nouii
571 954 653 994 statua
667 947 723 1009 suit
741 955 796 995 ante
812 947 914 1010 curiam]
935 951 1010 1000 Voss.
1029 949 1129 999 cenea.
1152 949 1195 1001 Sic
1211 959 1299 1007 11824

112 1044 181 1088 mox,
199 1026 244 1074 bas
254 1034 276 1075 et
288 1027 398 1078 11111111.
422 1028 510 1079 Scribe
525 1031 671 1093 utrobique:
688 1030 744 1078 Atti
753 1030 839 1080 Nouii.
861 1032 919 1081 Hoc
931 1035 999 1081 enim
1017 1047 1110 1082 nomen
1128 1033 1237 1084 hominis

111 1111 168 1172 tuit,
180 1110 253 1159 Attus
264 1111 367 1161 Navius.
385 1113 503 1162 Valerius
518 1115 649 1165 Maximus
660 1115 705 1164 lib.
720 1121 742 1177 1,
755 1121 771 1163 l
785 1113 837 1177 [l]:
859 1114 916 1166 Cum
933 1118 964 1165 ab
975 1115 1035 1165 Atto
1046 1116 1130 1167 Nauio
1146 1133 1237 1181 auqure

108 1193 281 1257 prohiberetur.
306 1195 349 1246 Sic
364 1198 509 1247 notavimus
525 1199 552 1247 in
572 1199 732 1249 membranis.
754 1199 822 1249 Vide
839 1201 872 1248 ad
888 1201 953 1249 Livii
969 1200 1055 1261 111.1,
1072 1207 1113 1251 36.
1136 1203 1236 1251 Mentio

112 1279 224 1328 eiusdem
236 1280 304 1341 apud
321 1286 437 1329 nostrum
455 1280 498 1329 lib.
513 1285 552 1340 15,
568 1279 786 1343 18[20,77],111
804 1283 940 1344 legendum
958 1298 1061 1333 censeo:
1081 1292 1194 1347 tanquam
1211 1285 1237 1334 in

112 1362 231 1411 comitium
248 1370 329 1424 sponte
352 1363 475 1412 transisset
488 1362 546 1411 Arri
558 1363 637 1414 Nouii
652 1363 759 1428 auqurio.
788 1363 929 1427 Siquando
948 1367 1047 1428 arescit,
1066 1383 1149 1416 rursus
1165 1365 1237 1431 (quac

112 1461 171 1494 cura
181 1444 340 1509 sacerdotum)
356 1447 451 1496 suitur.
473 1446 541 1497 Nam
553 1448 621 1499 Gnd.
633 1450 702 1499 Men.
714 1450 796 1498 Aead.
809 1457 862 1497 acto
874 1450 970 1513 naviqio
983 1450 1054 1512 illico,
1072 1452 1175 1503 Thuan.
1187 1460 1237 1502 atto

112 1527 208 1591 naviqio
223 1528 382 1591 aliquarescit.
409 1530 535 1580 Nimirum
552 1529 631 1580 Nouii
646 1531 747 1594 auanio
765 1533 799 1581 ob
816 1532 1007 1582 similitudinem
1023 1533 1154 1584 literarum
1177 1551 1236 1586 111-

112 1614 216 1662 luerunt
233 1614 259 1660 in
276 1612 382 1677 naoiqio.
408 1615 451 1663 Ex
466 1613 489 1662 si
504 1629 562 1676 quo,
579 1614 786 1677 prestmeade,
804 1615 900 1665 fuctum
916 1615 997 1679 aliquo
1014 1617 1126 1669 stillico.
1148 1619 1236 1683 Neque

113 1697 222 1756 invideo,
240 1698 262 1746 si
274 1698 329 1760 quis
341 1711 416 1748 nosse
432 1699 501 1759 velit,
519 1707 547 1747 ut
559 1699 694 1748 Turnebus
706 1700 771 1749 haec
783 1702 921 1750 concinnet
936 1701 978 1752 lib.
993 1705 1033 1763 27,
1049 1707 1097 1764 13,
1115 1704 1235 1754 1181111-

114 1794 159 1842 ger
171 1782 203 1828 ad
215 1782 320 1830 Festum
332 1783 359 1829 in
370 1780 463 1843 Nauia,
482 1790 511 1831 ut
522 1782 662 1833 Salmasius
674 1785 705 1832 ad
718 1784 836 1834 Solinum
847 1800 873 1848 p.
888 1788 960 1835 1137.

149 1862 206 1926 [11,
224 1862 269 1925 22]
287 1863 349 1913 Alia
363 1881 438 1914 11111
454 1872 478 1912 11
493 1863 545 1913 alia
565 1865 695 1914 auctoritas
715 1866 791 1914 maior
807 1867 833 1914 in
848 1865 962 1928 Horatii]
985 1869 1048 1918 Tres
1068 1883 1236 1934 supervacuas

113 1961 189 1997 voces
201 1949 279 1998 recidi
291 1951 362 1998 iubet
376 1949 442 1998 liber
454 1949 572 2012 optimus.
596 1949 639 1999 Sic
651 1950 719 1997 enim
731 1950 853 1999 ostendit:
871 1949 932 1998 Alia
943 1966 1025 2010 causa,
1042 1950 1095 2000 alia
1106 1952 1237 2001 auctoritas

114 2031 151 2081 Μ.
164 2032 266 2082 Horatii
278 2030 372 2082 Coclitis
387 2040 488 2083 statuae.
512 2033 578 2084 Cum
595 2034 645 2082 hoc
661 2033 738 2082 maior
754 2035 822 2084 cadit
838 2042 864 2084 et
879 2035 993 2085 Pintiani
1009 2035 1085 2085 minor
1100 2052 1147 2102 pro
1165 2037 1237 2086 miror
1282 2058 1285 2060 ·

113 2116 139 2164 in
151 2117 233 2166 111111
244 2118 416 2181 sequentibus.

148 2200 212 2250 011.
225 2201 272 2250 VI.
283 2200 336 2262 [11,
350 2200 394 2262 at]
407 2200 464 2251 Non
473 2200 609 2264 praeteribo
621 2198 647 2250 0.
663 2200 786 2251 Octauium
798 2203 826 2250 ob
839 2218 910 2252 unum
922 2203 1028 2266 cubum]
1042 2207 1175 2255 Pintisnus
1188 2207 1237 2254 tris

113 2294 242 2346 postrema
253 2285 331 2334 verba
341 2286 460 2335 Pliniana
471 2299 526 2335 esse
537 2285 653 2346 negabat
667 2286 741 2335 Voss.
757 2283 798 2334 On.
815 2285 939 2336 Octauium
950 2289 978 2336 ob
989 2304 1060 2336 uuum
1072 2287 1121 2338 SC.
1134 2289 1236 2348 uerbum,

114 2367 163 2417 hoc
180 2378 225 2429 est,
242 2369 462 2419 senatusconsulti.
486 2369 516 2418 Id
531 2370 638 2418 verbum
654 2378 693 2419 est
712 2367 877 2419 amiatissrmo.
900 2371 1020 2434 Sequitur
1039 2372 1118 2422 enim:
1140 2371 1171 2420 In
1188 2389 1236 2436 qua

113 2451 230 2515 leqatione
246 2452 368 2514 iutersmto
383 2461 479 2502 senatus
494 2460 599 2502 statuam
613 2452 673 2516 poni
686 2452 757 2501 iussit
773 2469 845 2516 quam
857 2453 1017 2503 oculatissimo
1029 2453 1092 2505 loco.-
1114 2471 1188 2518 eaque
1203 2464 1237 2504 est

114 2535 139 2582 in
156 2533 248 2581 rostris.
269 2535 310 2583 Ita
327 2536 394 2584 enirn
409 2535 485 2585 Voss.
509 2535 597 2597 Vulgo
615 2539 706 2586 desunt
724 2552 797 2599 eaque
814 2545 855 2587 est.
883 2539 1062 2600 Academicus,
1080 2541 1150 2589 Meu.
1168 2540 1234 2591 (ind.

115 2617 164 2666 loco
181 2616 224 2678 qui
237 2624 273 2664 est
287 2615 311 2667 in
328 2617 420 2668 rostris.
444 2618 579 2670 Caeterum
595 2622 657 2671 duas
674 2620 716 2669 hic
732 2622 849 2671 historias
865 2638 881 2672 1
895 2623 980 2672 Plinio
997 2624 1064 2673 male
1080 2625 1235 2675 1111111111-

115 2712 170 2752 tum
182 2709 228 2751 est.
998 2732 1001 2736 -

149 2785 202 2849 [12,
212 2785 257 2849 26]
267 2786 404 2838 Simulare
417 2788 502 2839 celebri
516 2788 565 2838 loco
577 2789 657 2838 dicari
666 2789 739 2840 donec
747 2789 818 2856 Sylla
826 2790 941 2854 dictatu]
956 2794 1109 2845 Hermolaus
1119 2809 1153 2843 ex
1166 2801 1235 2843 vetu-

114 2873 157 2921 stis
175 2874 249 2921 codd.
267 2871 354 2922 affert:
377 2887 406 2920 ea
424 2889 498 2922 causa
513 2873 583 2922 credo
601 2890 629 2923 nc
646 2873 718 2924 Sulla
735 2873 837 2923 dictator
853 2875 889 2924 ibi
903 2877 992 2925 curiam
1006 2879 1110 2940 faceret.
1128 2879 1197 2926 Men.
1211 2887 1236 2926 11

114 2955 178 3005 Gud.
188 2957 270 3005 Acad.
282 2953 362 3004 dicari
371 2964 393 3004 et
403 2956 473 3006 credo
485 2973 513 3005 ne
522 2956 593 3007 Silla.
606 2959 682 3008 Voss.
692 2956 772 3006 dicari
787 2973 816 3005 ea
827 2966 862 3005 est
873 2966 896 3005 et
907 2957 976 3007 credo
988 2975 1029 3006 nec
1038 2959 1116 3008 Sulla.
1136 2960 1232 3009 Scribe:

112 3038 241 3088 simulacra
252 3038 336 3088 celebri
347 3038 396 3088 loco
408 3039 499 3090 dicari:
517 3047 647 3101 camatero,
660 3039 732 3088 donec
743 3039 815 3089 Sulla
826 3039 929 3088 dictator
940 3041 975 3088 ibi
984 3042 1183 3104 curiamfaceret.

147 3121 200 3184 [12,
211 3121 255 3183 27]
269 3121 379 3172 Statuere
390 3138 451 3185 quas
463 3139 517 3170 mos
529 3121 693 3171 laceraverunt
703 3121 804 3170 nondum
816 3120 889 3183 anuo]
900 3123 975 3173 Voss.
985 3122 1106 3186 Siquidem
1119 3122 1238 3176 OOOLX

113 3213 227 3267 11111111,
248 3205 349 3255 nondum
370 3221 433 3255 anno
458 3205 519 3254 bunc
539 3221 658 3254 numerum
679 3204 769 3255 dierum
785 3204 918 3266 excedente,
940 3223 1000 3270 quas
1021 3223 1076 3255 mor:
1092 3207 1233 3261 1111111111.

113 3288 172 3339 Non
188 3291 255 3340 enim
276 3291 338 3339 dicit
358 3291 429 3354 prius
450 3291 586 3350 laceratas,
611 3305 688 3354 quem
706 3297 745 3339 tot
763 3289 893 3340 (1111111111
914 3291 1108 3355 praeterissent,
1130 3297 1174 3344 sed
1195 3303 1235 3346 tot

113 3374 207 3435 positus
219 3382 281 3435 tum,
294 3388 353 3424 cum
364 3389 444 3424 sunus
456 3376 571 3423 nondum
582 3375 667 3438 plures
679 3375 731 3424 dies
742 3374 851 3424 Athenis
863 3374 976 3426 haberat.
994 3375 1054 3425 Non
1066 3378 1140 3429 aliter
1152 3383 1234 3430 codex

112 3457 231 3507 Pintiani.

148 3540 200 3603 [1:3,
218 3540 262 3603 28]
285 3540 340 3590 Cum
356 3558 398 3591 nec
408 3542 536 3593 Lucretiae
552 3559 594 3592 nec
610 3542 702 3606 Bruto]
720 3545 795 3595 Voss.
812 3561 864 3594 cum
881 3546 907 3595 in
919 3548 1011 3610 pretias
1027 3564 1057 3596 ac
1069 3549 1142 3597 bruto.
1166 3549 1232 3607 dein,

110 3626 209 3686 fumant
224 3641 270 3674 non
287 3624 470 3676 decernerentur.
492 3630 572 3691 Lege:
590 3643 641 3676 cum
652 3626 780 3677 Lucretiae
795 3646 825 3678 ac
840 3629 928 3694 Bruto,
947 3631 990 3694 qui
1004 3629 1143 3694 expulerant
1157 3644 1232 3692 rcqes,

111 3717 209 3773 propter
224 3726 282 3772 quos
297 3708 387 3760 Cloelia
403 3710 466 3758 inter
482 3710 572 3760 obsides
579 3713 674 3775 fuerat,
692 3727 738 3760 non
755 3711 939 3764 decernerentur.
963 3715 1055 3764 Statim
1071 3714 1147 3763 Voss.
1165 3713 1232 3764 Gud.

113 3794 181 3843 Men.
194 3794 275 3844 Acsd.
291 3793 364 3843 Hanc
373 3794 475 3857 primam
488 3811 539 3843 cum
554 3793 657 3844 Coclitis.
675 3795 830 3848 1111111111
854 3799 896 3848 Sic
907 3798 951 3846 lib.
964 3801 1005 3856 36,
1017 3801 1031 3844 5
1043 3793 1079 3856 [1,
1091 3794 1146 3857 14]:
1159 3811 1233 3858 nuper

113 3877 185 3926 111111
197 3877 222 3926 in
233 3876 379 3926 Lunensium
392 3877 535 3942 lapicidinis.
554 3877 605 3929 Sed
614 3879 640 3927 in
651 3879 779 3928 Pariorum
791 3881 900 3929 mirabile
909 3879 1025 3943 proditur.

147 3960 201 4024 [le‚
215 3960 259 4023 29]
278 3960 342 4010 Ante
353 3962 414 4010 enim
425 3961 472 4010 sibi
481 3978 511 4010 ac
522 3961 629 4027 Sibyllae
644 3963 812 4031 Tarquinium]
831 3966 984 4014 Redundare
995 3961 1027 4013 τὸ
1039 3964 1086 4012 sibi
1100 3978 1133 4014 ex
1145 3966 1233 4014 arche-

113 4053 174 4109 typo
186 4061 231 4096 suo
244 4047 329 4096 statuit
342 4046 482 4095 Pintianus.
500 4046 576 4095 Voss.
587 4045 646 4094 Atto
662 4046 722 4095 enim
734 4063 763 4096 ac
775 4045 881 4097 Sibullae
896 4045 1059 4108 Tarquinium.
1078 4047 1138 4097 Sine
1155 4047 1233 4096 dubio

112 4131 216 4180 raedas:
233 4145 292 4179 nam
308 4132 373 4180 Atto
386 4131 468 4181 Navio
486 4136 512 4179 et
524 4129 636 4194 Sibyllae
653 4137 748 4182 statuas
764 4147 780 4180 a
792 4131 933 4194 Tarquinio
950 4131 1045 4194 positas
1061 4132 1111 4180 iam
1128 4132 1193 4182 dixit
1209 4140 1235 4184 et

112 4213 272 4278 praecedenti
284 4216 365 4279 capite
377 4221 493 4265 extremo
506 4210 559 4276 [11,
572 4220 612 4264 21.
625 4213 678 4276 22].
