2760 4734
163 283 223 346 102
652 299 795 342 enouovr

157 454 275 516 senatur.
297 451 428 514 Significat
444 452 498 500 eius
514 451 617 500 artificis
632 465 688 500 esse
704 434 830 510 tabulam,
846 451 873 498 in
889 463 940 512 qua
955 450 1058 512 qnidam
1075 456 1104 498 ut
1119 449 1199 500 baiuli
1215 452 1286 502 eolla

160 537 290 600 speciebus
307 535 441 584 mulierum
459 535 558 584 onerati
577 536 698 587 incedunt
714 535 861 596 moremque
882 534 1000 584 videntur
1020 534 1170 584 vacillantes
1187 545 1213 584 ot
1230 548 1285 584 me-

161 626 260 669 tuentes
277 620 347 668 oneri
362 634 408 682 per
418 633 548 668 accessum
558 619 697 682 palustrem
710 619 831 682 praetorii
841 618 946 666 alicuius
957 626 1003 666 ent
1013 618 1101 667 lautae
1113 617 1197 666 villae.
1220 618 1285 669 Sne·
1348 635 1355 639 ·

161 704 245 753 tonius
257 703 360 753 Othone
374 699 425 764 [6]:
444 701 517 752 denec
532 703 620 751 amisum
632 719 703 751 mora
717 701 858 752 succollatus
873 710 897 749 et
911 693 928 748 a
942 709 1066 764 praesente
1081 700 1194 750 comitatu
1211 701 1284 765 iupe-

161 794 229 836 rator
240 784 408 836 consalutatus.

195 874 260 925 Car.
272 874 320 922 XL
335 870 387 935 [39,
403 870 462 934 lte]
485 871 617 936 Alimenta
633 873 768 922 vetustiores
779 871 926 921 encausticae
934 870 1045 935 picturae
1056 870 1177 934 mentae]
1201 875 1285 924 Acad.

163 959 234 1008 Men.
247 957 316 1008 Gud.
327 957 440 1005 encausti.
457 958 533 1008 Voss.
546 965 680 1007 enmuetae.

197 1041 250 1106 [40,
266 1039 326 1103 123]
349 1041 461 1090 Pinaiese
479 1049 569 1089 tantum
584 1040 728 1100 emaustica,
746 1037 886 1100 sedetiam]
910 1039 993 1089 Acad.
1010 1040 1080 1088 Men.
1093 1040 1161 1091 Gau
1177 1042 1286 1104 pumicea

162 1125 235 1176 utun
257 1133 374 1174 encausto.
402 1127 480 1177 Voss.
498 1125 605 1188 pinxisse
625 1123 699 1174 solum
720 1125 745 1173 in
765 1131 862 1184 causus,
890 1125 961 1186 qnasi
982 1123 1043 1173 velit
1063 1133 1184 1176 encausta.
1215 1127 1286 1176 Infra

164 1206 218 1271 [41,
233 1207 306 1271 149]:
322 1208 445 1258 Encausto
453 1208 570 1274 pinpendi
580 1208 710 1272 duosutsae
721 1208 852 1271 antiquitus
861 1223 952 1270 penera
963 1208 1071 1256 constat'

197 1283 288 1356 [Ibit]
303 1294 419 1344 Docutsae
430 1294 549 1344 Pausiam
561 1291 709 1358 sepontum]
728 1294 804 1342 Voss.
817 1292 884 1342 Gud.
897 1293 966 1341 Men.
979 1293 1062 1341 Aced.
1074 1291 1192 1342 Pausian.

198 1376 251 1440 [e⁰‚
266 1377 325 1440 126]
343 1377 411 1428 Unde
422 1386 445 1427 et
456 1376 548 1427 abunde
561 1377 701 1442 intelligitur
712 1375 856 1440 amplitudo]
874 1377 950 1429 Voss.
963 1377 1077 1440 expungi
1089 1378 1159 1428 iubet
1170 1375 1202 1427 τὸ
1215 1378 1286 1439 aab,

163 1469 192 1511 ut
203 1463 358 1511 etPiutiani

173 1582 183 1599 ,
197 1540 251 1605 [tu
266 1543 325 1606 131]
344 1545 437 1595 Nemea
448 1543 548 1594 edacem
559 1562 589 1594 ea
600 1545 664 1594 Asia
675 1545 777 1596 Romam
789 1562 806 1595 a
818 1542 932 1609 Syllano]
946 1544 1041 1596 Omnes
1053 1543 1146 1595 Silano.
1158 1545 1205 1595 Est
1215 1547 1285 1595 enim

163 1627 256 1689 aliquis
268 1626 399 1677 Iuniarum
412 1628 566 1679 Silanorum.

198 1708 288 1773 [Ibin]
311 1711 412 1760 Dioaeit
427 1711 488 1760 banc
505 1712 610 1763 tabulam
627 1721 651 1761 et
667 1711 765 1775 Diana]
789 1714 865 1764 Voss.
878 1714 1010 1762 etDanae.
1036 1713 1164 1763 Alludunt
1181 1721 1238 1774 nes,
1258 1715 1286 1761 iu

164 1796 254 1859 quibua
265 1795 326 1843 lianc
339 1794 443 1843 tabulam
455 1796 545 1846 Dione.

199 1876 253 1941 [40,
268 1877 327 1941 134]
350 1877 450 1928 Athenis
457 1879 629 1943 frequentiam,
646 1897 717 1943 quam
729 1896 841 1930 emovere
850 1879 1040 1945 polpppnaeoon]
1064 1881 1219 1939 Hermolaus
1234 1879 1286 1945 Gy·

165 1962 304 2013 nacconitin.
326 1965 401 2014 Voss.
420 1964 669 2015 artnentum.
687 1963 824 2030 liupenicen.
850 1968 940 2016 Forte:
959 1964 1117 2030 spumeum,
1139 1973 1168 2014 ut
1184 1980 1240 2029 cup.
1256 1971 1288 2026 10

101 2103 105 2110 s
166 2045 225 2108 [36,
243 2045 300 2109 76]:
322 2047 448 2111 Pamphili
466 2048 574 2112 copnatio
594 2056 617 2097 et
633 2048 752 2112 praelium
773 2047 808 2097 ad
821 2048 965 2099 Phliuntem.
992 2051 1052 2101 Hoc
1071 2051 1128 2114 ipso
1149 2065 1203 2113 cap.
1220 2050 1289 2099 inter

165 2131 329 2182 Timomachi
346 2147 423 2195 opere
441 2130 580 2194 [40,136]:
600 2131 731 2197 Lecythion
747 2131 866 2197 apilitatis
881 2134 1029 2194 exacuatas,
1046 2132 1154 2197 capuani>
1167 2131 1287 2182 nobilium,

165 2219 200 2268 Et
212 2217 316 2267 inferius
332 2215 472 2278 [40,1tn]:
490 2215 598 2265 Asellum
615 2218 676 2265 enim
693 2217 805 2266 bibentem
822 2218 848 2266 iu
865 2216 942 2267 littore
950 2218 1033 2281 pinxit
1044 2226 1067 2266 et
1077 2217 1217 2267 macedium
1229 2217 1288 2266 insi-

166 2300 269 2351 diantem
285 2301 316 2350 ei.
339 2300 427 2351 Oenius
442 2300 598 2366 Spnpeuicon.
626 2301 669 2353 Sic
691 2309 717 2350 et
731 2303 874 2352 Pintianus.
902 2301 953 2361 Qui
974 2310 1060 2352 tamen
1081 2305 1220 2353 admodum
1240 2304 1289 2351 im-

166 2401 287 2450 prospere
304 2387 355 2435 hoc
371 2387 548 2435 accommodat
568 2387 601 2434 ad
621 2386 708 2435 locum
727 2386 771 2434 lib.
788 2387 916 2448 sequentis
936 2402 992 2450 cap.
1010 2392 1023 2435 5
1042 2385 1078 2448 [4,
1094 2383 1139 2447 41]
1157 2392 1182 2435 et
1198 2384 1295 2436 ΧΠΗ

172 2468 287 2530 nationes,
303 2485 364 2535 quae
375 2477 430 2517 sunt
441 2470 505 2518 circa
516 2469 634 2533 Pompeii,
646 2470 727 2519 reddit
740 2469 896 2533 captationem
915 2472 1050 2521 Suetonius
1061 2470 1162 2520 Nerone
1174 2485 1230 2534 cap.
1240 2477 1290 2521 46:

168 2569 184 2601 a
195 2553 330 2602 simulacris
341 2554 444 2618 pentium
457 2552 492 2602 ad
502 2553 611 2617 Pompeii
623 2553 739 2602 theatrum
751 2552 921 2603 dedicatarum.

202 2635 290 2699 [Ibit]
308 2636 345 2685 Et
360 2638 386 2686 in
402 2654 451 2686 une
473 2637 555 2686 tabule
575 2654 667 2701 quaque
688 2639 789 2687 manime
804 2635 926 2699 inclaruit]
949 2638 1032 2688 Aced.
1049 2639 1119 2688 Men.
1138 2637 1204 2690 Gnd.
1221 2647 1244 2687 ct
1264 2639 1290 2688 in

168 2738 216 2770 una
233 2720 314 2770 tabula
329 2721 399 2784 sipna
415 2737 515 2784 quaque.
541 2724 583 2772 Ex
600 2737 650 2784 qua
665 2723 790 2786 scriptura
811 2723 888 2772 etiam
907 2725 1010 2772 invente
1025 2724 1072 2772 sibi
1089 2725 1116 2772 in
1133 2726 1194 2773 Mas.
1209 2723 1290 2773 Dele-

169 2805 282 2869 cempius
299 2804 400 2869 siqnina.
428 2803 583 2854 Vossianus:
600 2803 637 2852 Et
656 2804 680 2852 iu
697 2821 746 2852 una
764 2805 846 2855 tabula
862 2815 888 2855 ut
903 2806 981 2870 siqua.
1008 2806 1089 2870 Lege:
1112 2805 1154 2857 VI
1165 2807 1234 2872 aipna
1249 2808 1291 2857 vel

168 2907 211 2940 eea
222 2891 299 2955 cipue.
1023 2933 1032 2942 .

204 2973 257 3037 [40,
272 2973 332 3036 136]
351 2973 450 3023 Aiacem
462 2973 486 3023 ei
493 2973 574 3038 pinsit
585 2982 608 3022 et
618 2972 742 3037 Medeam]
766 2976 843 3026 Voss.
856 2983 947 3025 atacem
959 2983 982 3024 et
993 2974 1071 3024 media
1079 2975 1166 3040 pinxit.
1187 2975 1290 3025 Scribe:

171 3059 270 3109 Aiacem
282 3067 305 3113 et
315 3057 429 3108 Medeam
437 3057 525 3123 pinsit.
545 3058 734 3123 Supervacuum
746 3055 777 3108 τὸ
791 3059 821 3108 ei.

205 3141 258 3206 [40‚
273 3141 333 3205 137]
352 3142 423 3191 Alius
435 3141 509 3192 durus
521 3143 545 3192 in
557 3142 681 3205 coloribus,
693 3143 737 3193 sed
747 3152 770 3192 et
781 3142 877 3206 multus]
897 3145 1048 3206 Vossianus,
1061 3144 1128 3215 Gud.
1140 3146 1209 3194 Men.
1221 3144 1292 3194 Ace-

171 3229 343 3292 demiousque:
362 3226 436 3276 durus
448 3228 472 3275 in
484 3226 598 3277 cabritus
610 3235 633 3274 et
642 3227 685 3276 sile
697 3226 789 3277 multus.
809 3229 884 3289 Quod
901 3230 978 3278 etium
994 3244 1027 3277 ex
1038 3228 1094 3278 eliis
1106 3230 1138 3277 ad
1150 3228 1292 3288 marginem

170 3319 275 3377 ponunt.
288 3301 382 3375 'Neque
394 3313 467 3362 ulitur
478 3314 624 3374 legendum.
643 3312 767 3374 Intelligit
778 3311 810 3360 sil
821 3327 834 3361 e
847 3314 989 3377 pigmentis.
1003 3309 1204 3374 lib.ae,1e[oo,
1216 3309 1292 3373 158]:

170 3394 201 3444 In
213 3396 308 3459 arpenti
317 3404 340 3443 et
351 3394 408 3443 auri
418 3394 519 3444 metallis
530 3403 657 3445 nascuntur
669 3396 794 3444 etiamnum
803 3397 934 3461 pipmenta,
947 3396 979 3445 sil
989 3405 1012 3444 et
1023 3395 1163 3463 caemleum.
1174 3395 1218 3445 lib.
1227 3401 1294 3455 35,6

173 3478 226 3542 [17,
239 3477 296 3541 36];
313 3478 365 3527 silis
382 3477 455 3527 lucidi
469 3478 536 3528 libris
552 3478 637 3530 decem.
659 3477 711 3532 Sile
726 3479 819 3544 multus,
836 3483 879 3545 qni
892 3498 921 3532 eo
934 3483 1065 3545 pigmento
1077 3481 1160 3530 multo
1171 3487 1293 3530 uteretur.

172 3566 245 3615 Vidit
257 3566 324 3615 idem
336 3564 477 3614 Pintianua.

211 3647 299 3711 [luia]
328 3647 444 3711 Talesque
464 3656 518 3697 suut
538 3649 587 3698 eius
604 3648 713 3714 picturae
734 3666 785 3700 cum
805 3648 961 3714 Aesculapio]
990 3652 1126 3700 Aunotent
1146 3651 1179 3698 ad
1201 3648 1294 3710 margi-

172 3749 230 3784 nem
247 3732 325 3785 Tales.
350 3733 508 3797 sicquidem
525 3742 551 3783 et
565 3734 641 3786 Voss.
659 3736 725 3787 Gud.
741 3736 810 3785 Men.
822 3735 1054 3798 Academicusque:
1072 3735 1117 3784 sed
1134 3741 1159 3783 et
1175 3733 1294 3782 omnibns

173 3820 245 3870 abest
260 3833 313 3869 vox
326 3818 444 3883 picturae.
468 3818 575 3870 Suffecit
591 3820 658 3868 euim
674 3819 767 3870 Plinio:
789 3816 861 3868 Tales
871 3827 925 3867 sunt
937 3819 986 3868 uus
997 3835 1048 3867 cum
1060 3816 1204 3881 Aesculapio
1213 3815 1295 3878 filiae,

173 3902 267 3968 Hypia,
278 3902 362 3967 Aspia,
373 3903 497 3966 Panassa,
509 3902 574 3953 Iaso.
597 3901 704 3952 Tabulae
715 3905 757 3952 vel
766 3902 875 3967 picturae
886 3903 1045 3953 intellectum
1057 3903 1147 3952 voluit.
1169 3901 1295 3964 Lepidum

174 3994 213 4038 est
228 3995 321 4048 autem,
339 3991 406 4051 quod
421 3989 603 4052 Delecempius
618 3991 650 4038 ad
665 4002 756 4037 vocem
773 3984 830 4036 Iaso
846 3994 927 4048 notat,
946 3987 1040 4037 Iasona
1058 4001 1117 4036 cum
1128 3984 1296 4047 Aesculapio,

112 4073 161 4118 888
175 4069 305 4132 Apollinis
320 4072 383 4132 filio,
406 4081 431 4123 et
446 4074 549 4123 Achille
567 4073 657 4122 Peleia
677 4072 788 4122 Chirone
809 4080 930 4122 centauro
947 4074 1083 4122 educatum
1101 4080 1127 4120 et
1144 4069 1305 4120 medicinam·

176 4152 342 4205 didicisslex
354 4157 428 4206 Arati
444 4166 470 4206 et
480 4157 613 4222 Apollonii
626 4156 776 4208 Scholiastis
788 4158 872 4208 tradit.
890 4158 1024 4220 Tanquam
1042 4156 1129 4207 eudem
1142 4155 1176 4207 sit
1187 4167 1298 4219 pereum
1364 4195 1371 4210 .

175 4233 191 4286 i
202 4227 310 4301 Ἰάσων,
322 4229 453 4303 Ἰάσονος,
466 4251 493 4294 et
503 4241 520 4308 ἡ
531 4231 624 4305 ’laam
635 4231 752 4299 Ἰασοῦς.
