2760 4734
444 288 550 330 nonan
566 289 608 329 nn
624 288 708 329 amn.
723 289 815 329 xxm.
830 289 935 331 xxvn.
1203 269 1243 330 et

129 455 211 500 resque
223 437 279 487 lenit
290 440 314 486 im
328 445 426 499 tantum,
438 445 464 485 ut
475 436 557 486 vulvas
569 436 681 500 corriyat.
700 437 743 486 lib.
751 443 796 504 24,
810 443 824 486 5
838 435 891 498 [13,
904 435 961 498 22]:
973 437 1070 487 Bibitur
1082 447 1104 486 et
1115 439 1138 485 in
1152 438 1248 502 difficili

126 530 199 586 parta
212 523 292 584 fabae
307 521 468 586 mapniturline
484 522 509 571 in
525 521 575 570 vini
588 521 673 585 cyatbo
688 520 817 583 vulvasque
833 535 957 570 conversas
977 521 1080 585 corripit.
1107 523 1150 571 lib.
1167 531 1212 584 61,
1231 531 1245 573 6

131 604 183 667 [st-t,
197 604 254 667 66]:
271 607 394 655 Mammas
405 605 555 665 sororiantes,
564 603 709 668 praecordia
720 603 862 666 maciemque
874 604 980 668 corporeis
991 605 1099 669 piscinae
1111 605 1184 654 maris
1195 623 1246 656 cor·

129 688 216 751 ripum.
245 689 381 739 Suetonius
397 690 517 752 Augusto
534 686 603 750 [99]:
621 686 734 752 capillum
756 687 802 736 att
821 688 881 736 comi
896 705 926 737 uc
941 687 1019 737 malas
1034 687 1137 738 labentes
1152 691 1246 754 corripi.

129 772 172 820 Sic
185 782 209 822 ct
221 777 303 823 codex
315 775 433 823 Pintiani,

496 1017 562 1082 AD
587 1016 704 1082 LIBR.
727 1016 882 1082 XXVII.

164 1187 365 1253 Cae.11.[2,t]
388 1188 439 1246 Quo
455 1189 607 1253 interemptas
622 1187 762 1237 dormientes
778 1205 795 1237 a
808 1185 949 1252 Calpurnio]
969 1191 1086 1256 Quinque
1103 1199 1180 1246 nostri
1197 1214 1248 1248 una

129 1289 188 1324 cum
201 1275 355 1325 Ghifletiano
368 1279 525 1335 expunctum
538 1279 599 1321 eunt
610 1268 641 1320 τὸ
655 1269 801 1321 dormientes.
819 1271 908 1334 Neque
920 1273 946 1322 ia
963 1289 1051 1326 sensns
1063 1280 1174 1340 requirit
1192 1280 1247 1331 An-

128 1371 191 1420 ceps
206 1364 299 1416 autem,
320 1357 390 1418 quod
407 1355 533 1418 sequitur:
553 1353 619 1403 Hinc
637 1352 682 1403 illa
701 1361 773 1404 atrox
789 1356 919 1419 peroratio,
940 1357 988 1406 erus
1004 1357 1028 1406 in
1044 1359 1119 1424 dipito
1135 1372 1247 1416 mortuae.

126 1441 218 1503 Neque
231 1441 267 1490 sic
279 1439 372 1502 scripti.
390 1438 492 1501 Audeg.
508 1436 533 1485 in
550 1435 624 1502 diedo
641 1445 790 1488 mortuorum.
808 1438 889 1489 Acad.
902 1440 969 1491 Gnd.
981 1444 1050 1492 Men.
1063 1442 1088 1492 in
1100 1444 1175 1510 dipito
1186 1465 1247 1497 mar-
1263 1460 1310 1505 796

129 1533 199 1573 taurin
218 1525 241 1572 Ε
259 1523 360 1574 Chisset.
384 1530 483 1571 tantum
499 1528 589 1572 notent
609 1521 633 1570 ia
651 1519 758 1586 dipitam.
780 1524 914 1574 Pintianus
932 1539 966 1576 cx
981 1530 1206 1594 apographorum
1224 1531 1248 1580 in

128 1607 236 1672 dipitunr.
264 1607 346 1657 Ortum
355 1603 468 1667 fabulae.
487 1605 625 1656 Salmasius
641 1607 673 1655 ad
688 1605 768 1657 Solin.
786 1623 810 1670 p.
830 1612 890 1657 866.
907 1616 978 1672 parte
994 1611 1069 1662 huius
1086 1617 1248 1665 correctionis

128 1692 269 1752 lucrifacta,
282 1707 310 1738 ea
322 1688 428 1753 dipitam.
446 1696 522 1736 ortum
532 1685 637 1751 fabulae
652 1704 782 1737 maerere
797 1690 893 1753 spumis.
912 1692 1052 1751 Quintium
1064 1710 1249 1749 commemorat

128 1786 156 1825 et
172 1777 267 1839 spernit
288 1776 407 1827 Andreae
429 1771 515 1822 Strani
538 1770 564 1819 ia
579 1769 655 1835 dieta
676 1780 779 1822 mortem.
806 1775 957 1825 Vossianus:
978 1776 1003 1824 in
1023 1776 1121 1841 diqitum
1143 1789 1247 1830 mortum.

127 1862 220 1910 Manus
232 1860 342 1906 secunda
352 1857 460 1905 alterum
478 1854 504 1904 U
516 1865 720 1924 superposuerat.
740 1856 905 1919 Cogitabam:
917 1858 983 1908 fflnc
994 1858 1039 1908 illa
1049 1869 1120 1909 atron
1127 1867 1248 1926 pacratii>

128 1943 179 1989 eius
196 1940 219 1988 in
236 1939 334 2004 drpitum
351 1938 470 1986 maritum.
488 1936 597 1986 Fabulae
609 1954 738 1986 annovera
749 1955 762 1986 e
772 1940 861 2002 mutnus
875 1937 971 1989 Cerberi
980 1943 1053 2004 canis,
1072 1946 1206 1995 amaberis
1218 1951 1249 1997 ab

128 2025 213 2085 infertis
225 2022 341 2085 Hercule,·
359 2021 456 2085 ideoque
472 2018 539 2084 apud
554 2020 698 2071 Heracleam
709 2021 844 2082 Ponticam,
862 2023 902 2072 ubi
916 2032 1060 2074 monebatur
1075 2028 1097 2076 is
1112 2028 1148 2077 ad
1161 2030 1249 2092 inferos

128 2107 216 2169 aditus,
227 2107 301 2172 pieni
319 2106 429 2170 Dipitam
440 2105 552 2153 maritam
571 2106 659 2155 dixere
670 2106 769 2156 Plinius
781 2116 807 2155 ct
819 2106 944 2157 Caecilius
965 2111 1086 2161 maritalis
1099 2113 1176 2162 oflicii
1187 2117 1248 2164 ioci·

128 2208 180 2255 que
196 2192 279 2254 specie
295 2191 454 2254 parricidam.
472 2190 513 2238 De
524 2188 573 2238 hac
585 2202 647 2238 vace
659 2189 797 2239 lectissima
814 2192 942 2252 congessit
953 2192 1074 2244 Heinsius
1085 2199 1117 2246 ad
1129 2197 1249 2247 Claudia-

127 2291 191 2324 num
204 2284 229 2324 et
241 2274 367 2325 Ovidium.
385 2272 452 2322 Nam
463 2272 528 2320 illud
539 2279 614 2320 ortum
627 2270 755 2335 (quamvis
766 2273 792 2322 id
805 2288 907 2336 quoqne
919 2276 1092 2338 desiderarint,
1109 2283 1153 2344 qui
1168 2290 1249 2329 numm

129 2356 250 2406 tradidere
267 2364 312 2407 aut
328 2371 458 2405 manauere
474 2362 554 2403 natam
570 2353 744 2417 subiecerunt)
759 2358 836 2419 plane
853 2371 1039 2421 supervacuum
1056 2368 1102 2421 est,
1123 2376 1200 2424 quum
1217 2361 1247 2412 τὸ

126 2442 199 2507 pipni
220 2450 246 2491 et
261 2441 320 2498 τοῖς
340 2456 352 2488 e
368 2438 457 2504 spumis
472 2435 569 2487 Cerberi
583 2447 609 2488 et
625 2438 684 2496 τοῖς
698 2438 765 2502 upnd
780 2439 924 2490 Heracleam
941 2442 1066 2492 Ponticam
1087 2449 1248 2509 respondeat:

129 2541 196 2590 quae
214 2539 266 2575 non
289 2532 328 2573 est
342 2523 478 2573 auferenda
493 2522 579 2572 Plinio
594 2523 711 2572 suavitas.
730 2521 806 2582 Quod
822 2525 843 2573 si
860 2525 900 2573 cui
915 2527 997 2588 primo
1013 2537 1118 2592 aspectu
1136 2531 1249 2582 videatur

128 2609 200 2672 prim
216 2607 278 2657 illud
294 2620 400 2671 poscere
415 2604 518 2669 penitam
530 2619 586 2667 esre,
598 2607 740 2655 meminerit
750 2607 816 2655 Livii
828 2608 872 2656 lib.
887 2614 897 2658 l
914 2607 981 2673 [cap.
1002 2609 1043 2672 3]:
1064 2611 1154 2662 Silvius
1166 2613 1249 2664 danda
1304 2662 1309 2671 ,

128 2699 222 2755 repunt,
239 2707 296 2739 casu
312 2687 413 2753 quodam
430 2688 454 2738 in
471 2687 538 2737 silvis
553 2695 630 2737 uatus.
648 2688 785 2737 iaAenearn
798 2688 899 2740 Silvium
916 2701 988 2741 creat.
1005 2693 1080 2744 Iurat
1093 2699 1248 2760 praepositio

129 2793 149 2836 e,
164 2790 241 2838 quam
252 2776 368 2824 sanciunt
383 2772 483 2822 chiflet.
496 2773 689 2837 Vossianasque
701 2783 727 2822 et
737 2775 834 2836 primae
846 2776 977 2837 editiones,
990 2786 1101 2829 amatam
1112 2781 1151 2829 illi
1163 2782 1248 2830 verbo.

166 2857 201 2919 [2,
214 2856 241 2919 6]
264 2855 335 2914 Quod
343 2856 367 2906 si
377 2856 429 2919 quis
439 2854 484 2904 illa
492 2856 561 2919 forte
573 2857 603 2904 ab
615 2854 717 2917 bomine]
736 2858 813 2907 Voss.
827 2870 852 2907 et
865 2858 988 2908 Pintiani:
1010 2859 1077 2917 Quae
1092 2862 1117 2909 si
1126 2863 1179 2924 qum
1190 2862 1249 2912 ulla.

129 2943 211 3003 Lege:
228 2940 295 2998 Quae
306 2940 330 2988 ei
340 2939 395 3003 quis
405 2937 453 2988 ullo
462 2940 532 3002 sorte
543 2941 574 2987 ab
586 2938 677 2987 bomine
689 2939 822 3002 excapitari
830 2941 935 3003 potuisse
952 2941 1033 3001 credit,
1051 2944 1144 3006 inarato
1155 2942 1249 2992 deorum

129 3040 230 3072 munera
244 3022 362 3086 iutelliqit.
379 3024 501 3074 Vossiani
517 3023 591 3072 alteri
607 3024 671 3082 duo,
687 3022 768 3071 Acad.
787 3032 812 3071 et
830 3022 896 3073 Gnd.
915 3029 979 3070 tactu
995 3023 1121 3072 resolvente
1136 3024 1248 3088 ceditque,

130 3104 154 3154 si
164 3106 217 3168 quis
229 3104 273 3154 illa
284 3112 345 3154 certe
356 3107 388 3154 ab
399 3104 497 3154 bomine.
516 3105 600 3154 media
612 3105 713 3167 desunt.¹

166 3186 415 3250 cm.1v.[11‚ns]
434 3186 554 3236 liuticem
571 3200 640 3234 uuum
657 3184 735 3246 babet,
752 3184 855 3247 densum,
873 3187 1000 3251 rumosam]
1020 3190 1155 3250 Quomodo
1172 3194 1250 3242 habet

123 3273 250 3337 fruticem,
263 3281 319 3333 eta,
331 3274 352 3322 sl
364 3273 479 3321 nondum
492 3277 599 3328 constat,
612 3284 677 3332 quae
689 3270 722 3320 sit
733 3270 873 3319 ambrosia?
886 3271 963 3321 Voss.
973 3271 1091 3334 fluctuati
1100 3290 1169 3324 onam
1181 3275 1251 3325 babet

131 3363 221 3403 catam
233 3354 330 3403 densam
340 3369 461 3402 mmosam
473 3361 569 3402 tenuem,
588 3352 671 3417 Super
687 3355 794 3416 primam
806 3354 907 3404 literam
919 3354 968 3403 τοῦ
980 3371 1049 3405 anam
1061 3367 1100 3407 est
1116 3358 1144 3408 U
1162 3360 1250 3422 Recte,

131 3448 161 3488 ut
172 3446 243 3502 puto.
261 3437 391 3486 Ambrosia
406 3436 465 3500 oapi
479 3436 578 3485 nomines
594 3445 629 3485 est
645 3444 667 3485 et
683 3437 749 3486 eirea
764 3437 847 3486 narras
863 3437 948 3488 berbas
956 3439 1080 3502 fluctuati.
1098 3458 1169 3492 unam
1182 3443 1250 3493 babet

131 3522 237 3585 (nempe
248 3513 353 3572 herbam
363 3523 415 3571 hoc
430 3518 596 3580 vocabulum)
612 3527 700 3568 certam
716 3519 819 3582 mmam,
836 3538 962 3574 ramosam.
981 3523 1098 3584 Quatuor
1114 3529 1169 3576 alii:
1185 3528 1249 3576 crica

131 3605 196 3655 ultas
211 3605 297 3654 barbas
310 3604 429 3666 fruticum
445 3619 516 3652 unam
532 3602 602 3651 babet
617 3602 712 3652 densam
733 3621 850 3653 ramosam
867 3614 962 3657 tenuem.
988 3609 1042 3659 Nec
1061 3624 1121 3658 vero
1135 3609 1252 3672 fluctuati

132 3691 283 3740 mutandum
294 3691 321 3738 in
331 3687 481 3750 fluctuantis.
500 3689 568 3738 Vide
580 3695 604 3738 4.
617 3688 721 3740 Observ.
735 3695 749 3738 6
763 3686 799 3752 [p.
814 3696 938 3755 bed-p.
952 3697 1008 3742 686.
1020 3691 1159 3754 Frotsch.].

167 3773 231 3823 Car.
244 3774 278 3822 V.
292 3771 345 3834 [17‚
358 3770 402 3833 64]
421 3771 500 3822 Huius
509 3770 626 3835 foliorum
642 3771 693 3821 iure
709 3773 734 3820 in
750 3781 816 3821 aceto
833 3773 925 3824 decocta
938 3791 982 3838 per
992 3773 1042 3824 dies
1054 3774 1107 3825 XL
1121 3776 1190 3838 poto]
1213 3771 1247 3825 'lo

132 3859 183 3906 iure
200 3872 246 3905 nec
260 3857 286 3906 in
298 3857 375 3906 Voss.
386 3870 468 3918 neque
484 3857 510 3905 in
522 3854 622 3906 chiflet
636 3863 681 3905 est.
693 3856 763 3906 Men.
777 3857 820 3907 vis.
834 3859 902 3908 And.
914 3860 995 3909 Acad.
1009 3868 1035 3908 et
1046 3859 1112 3910 Gud.
1126 3860 1169 3909 ias.
1182 3863 1249 3912 Dein

132 3943 229 4004 primus
241 3938 343 3987 decocta.
361 3939 427 3987 Item
437 3955 480 4001 per
492 3935 542 3986 dics
554 3939 650 3988 XXX.
669 3937 769 3989 chiflet.
783 3949 808 3989 et
824 3956 911 3990 omnes
928 3943 1036 4005 denique
1049 3952 1114 4006 potu.
1133 3946 1249 3996 Scriben-

134 4027 194 4073 dum
207 4025 316 4074 videtur:
329 4021 530 4086 Huiussoliornm
542 4021 567 4070 in
579 4030 645 4071 aceto
656 4020 764 4071 decoctae
772 4039 817 4086 per
829 4022 878 4073 dies
890 4026 985 4076 XXX.
997 4034 1054 4090 patu
1066 4026 1146 4076 lienem
1159 4030 1251 4078 absumi

133 4107 207 4157 aiunt.
227 4108 277 4158 Sed
289 4105 453 4171 quadrapinta
465 4123 498 4157 ex
510 4108 658 4158 Dioscoride
669 4107 830 4158 Hermolaus.
