2760 4734
171 231 211 294 98
653 250 794 291 anonovr

171 404 291 453 additum.
317 402 372 451 Nisi
392 408 509 451 monetae
529 401 630 462 signum
647 408 692 461 est,
713 414 821 458 nornen,
842 401 884 449 ubi
901 402 1105 452 commodissime
1123 403 1216 464 visum,
1238 405 1291 468 legi

171 485 292 546 iubentis,
312 487 398 548 potius
414 485 530 533 videatur
547 499 606 547 pars
623 485 698 534 vestis
715 484 845 547 replicata,
864 493 908 534 aut
924 481 1085 552 κατάβλημα
1103 487 1239 549 plagulave
1256 490 1292 538 ab

171 585 271 621 summo
288 569 394 619 humero
412 572 444 619 ud
459 570 525 618 imos
542 570 607 618 talos
627 569 754 631 utrimque
772 570 916 618 decurrens.
944 569 1018 618 Certe
1038 570 1149 620 forensia
1168 573 1248 635 longa
1265 584 1293 622 et
1354 591 1360 597 ·

171 655 300 713 honorata
316 654 509 715 magistratuum
526 653 601 702 huius
617 653 694 712 urbis,
712 653 802 715 quibus
817 668 863 715 pro
879 653 999 703 tribunali
1016 662 1042 702 et
1057 655 1084 703 iu
1099 656 1200 718 pompis
1216 665 1293 707 utun-

171 748 220 798 tur,
239 739 265 787 in
282 745 362 800 parte,
380 751 445 800 quae
462 738 579 800 proxime
591 737 717 786 sinistram
733 736 838 785 axillam
850 745 908 785 ante
926 744 951 785 et
967 746 1026 799 post
1041 740 1191 801 propendet,
1208 740 1293 791 solido

170 832 277 886 argento
289 822 426 887 grandibus
443 822 521 871 literis
537 829 654 871 notatum
666 824 802 871 ostendunt
814 819 865 870 LE
871 819 978 871 YDEN.
1001 821 1067 871 Item
1082 822 1211 873 viatorum
1223 827 1292 878 Aca-

171 906 268 955 demiae
285 906 385 955 colobia
399 907 426 954 in
443 906 503 965 oris,
520 920 585 968 quae
601 905 739 967 replicatae
756 914 816 954 ante
827 913 917 968 pectus
928 907 1092 966 descendunt,
1106 916 1230 959 ornantur
1241 910 1293 959 boc

171 997 275 1052 argento
292 991 408 1040 literato:
430 986 535 1038 AOAD.
552 987 666 1039 LVGD.
684 988 769 1038 BAT.
795 991 829 1038 Et
849 971 936 1038 multis
956 989 1100 1052 municipiis
1122 992 1216 1052 passim
1236 1009 1293 1044 mos

170 1073 249 1136 pallia
265 1075 444 1137 apparitorum,
462 1073 591 1133 lictorum,
614 1079 738 1122 elatorum
755 1073 871 1122 similiter
887 1073 991 1125 nomine
1009 1089 1055 1122 suo
1073 1073 1203 1136 insignire.
1226 1077 1292 1126 Zeu-

170 1157 237 1208 xidis
258 1173 360 1221 quoque
380 1159 466 1207 literas
487 1173 550 1206 auro
571 1157 652 1206 solido
674 1165 700 1204 et
719 1158 813 1206 unciali
831 1158 916 1220 potius
932 1156 1011 1206 fuisse
1029 1172 1105 1220 quam
1122 1159 1230 1209 intextas
1246 1169 1293 1210 aut

171 1256 218 1290 acu
233 1241 315 1304 pictas
327 1241 487 1290 crediderim:
506 1241 556 1290 boc
570 1242 636 1290 enim
650 1242 733 1303 potius
746 1242 863 1303 congruit
875 1242 1024 1290 ostentatori
1036 1242 1182 1304 pecunioso.
1200 1245 1293 1307 Neque

172 1325 213 1386 (nt
225 1327 256 1375 ad
268 1325 381 1375 Plinium
394 1324 562 1387 revertamur)
578 1325 638 1373 hinc
656 1326 796 1375 abhorrere
814 1332 915 1372 tesserae
927 1325 1080 1373 vocabulum
1093 1325 1204 1376 Iustinus
1216 1329 1293 1378 docet

170 1409 213 1459 lib.
227 1416 242 1458 3
256 1407 292 1470 [5,
307 1406 361 1470 10]:
385 1410 417 1459 Ut
433 1426 478 1458 non
496 1408 524 1457 de
540 1407 624 1470 salute,
641 1408 683 1456 sed
698 1408 726 1456 de
742 1408 863 1472 sepultura
879 1407 974 1457 solliciti
992 1416 1091 1457 tesseras
1107 1409 1227 1474 insculptis
1242 1413 1293 1461 suis

171 1502 193 1540 et
210 1501 307 1556 patrum
323 1486 454 1542 nominihus
469 1491 552 1542 electro
571 1493 667 1541 brachio
684 1492 829 1556 deliparent:
851 1501 883 1554 nt,
900 1493 923 1543 si
939 1508 1016 1540 omnes
1032 1491 1158 1543 adversum
1172 1494 1292 1558 praelium

171 1576 360 1640 consumpsisset,
382 1585 404 1624 et
420 1578 528 1640 temporis
545 1578 623 1640 spatio
639 1579 738 1640 confusa
754 1593 876 1640 corporum
893 1575 1035 1626 lineamenta
1052 1586 1143 1638 essent,
1159 1595 1188 1626 en·
1204 1577 1293 1628 indicio

172 1659 289 1708 arabeum
307 1660 373 1709 tradi
387 1660 522 1724 sepulturae
529 1670 632 1724 possent.
650 1664 796 1725 Polyaenus
808 1663 835 1711 in
847 1663 935 1710 eadem
947 1677 974 1710 re
986 1663 1029 1711 lib.
1045 1669 1056 1710 1
1077 1659 1144 1725 [cap.
1159 1660 1201 1723 17]
1220 1662 1292 1712 Stra·

171 1755 233 1806 teg.:
243 1740 287 1793 ἵνα
299 1742 331 1793 δὲ
345 1741 395 1793 ὑπὸ
410 1745 462 1794 τῶν
475 1742 581 1793 οἰκείων
592 1744 622 1801 ἐν
633 1744 668 1811 τῇ
675 1746 727 1794 τῶν
738 1745 839 1809 νεκρῶν
850 1742 989 1809 ἀναιρέσει
1001 1744 1157 1809 γνωρίζοιτο
1166 1743 1290 1807 ἕκαστος,

172 1824 216 1878 ἐπὶ
239 1823 289 1885 τὰς
309 1825 471 1885 σκοταλίδας
490 1823 607 1888 τοῦνομα
623 1826 796 1892 γραψάντων.
823 1830 944 1892 Hesycbii
960 1830 1042 1879 verbis
1059 1832 1154 1881 diceres
1169 1827 1290 1878 πινάκιον

147 1921 151 1925 ’
172 1909 283 1969 πύξινον
302 1909 535 1976 ἐπιγεγραμμένον
554 1909 584 1961 τὸ
603 1909 689 1973 ὄνομα
706 1913 754 1962 τοῦ
771 1909 855 1962 αὐτοῦ
873 1909 916 1961 καὶ
933 1910 1037 1978 πατρός
1052 1916 1077 1964 in
1090 1908 1226 1974 Χαλκοῦν,
1244 1917 1292 1965 etsi

172 2002 202 2048 de
220 1999 311 2047 aliare
327 1998 369 2046 hic
386 2000 512 2059 loquatur.
540 1998 652 2047 Iustinus
672 1999 750 2060 igitur
771 2012 872 2061 quoqne
892 1998 951 2048 licet
971 2000 1079 2049 tabellas
1095 2000 1196 2060 indicet,
1215 1999 1292 2050 facile

170 2088 257 2131 tumen
272 2083 333 2131 hinc
349 2083 455 2144 colligas
471 2083 578 2145 quodvis
590 2083 730 2145 pittacium,
747 2083 891 2143 massulam,
910 2082 1037 2141 laciniam,
1053 2084 1168 2143 limbum,
1181 2084 1291 2146 denique

171 2180 357 2228 quamcumque
378 2168 520 2228 materiam,
541 2168 582 2216 cui
602 2182 697 2216 nomeu
717 2169 796 2230 possit
813 2167 898 2228 incidi,
916 2168 1025 2227 inscribi,
1048 2168 1113 2228 addi,
1133 2175 1209 2230 atque
1225 2169 1292 2217 adeo

170 2251 251 2313 ipsam
264 2259 362 2313 partem
374 2253 458 2311 vestis,
475 2266 541 2314 quae
557 2266 652 2300 nomen
669 2261 714 2301 aut
724 2258 798 2301 notas
811 2252 875 2302 tales
886 2253 1005 2312 continet,
1025 2259 1135 2300 tesseram
1146 2251 1186 2301 vel
1199 2249 1291 2299 titulum

170 2343 238 2384 recte
252 2336 309 2384 dici.
328 2335 435 2386 Confert
445 2338 530 2385 nescio
543 2336 675 2398 quiaillud
688 2336 773 2386 Ovidii
784 2337 827 2385 lib.
841 2341 856 2383 2
870 2332 944 2397 [733]
957 2337 1139 2398 Metamorph.:

357 2419 536 2482 Permulcetque
548 2435 627 2468 cernas
639 2418 837 2484 chlamydemque,
849 2428 875 2468 ut
882 2418 988 2483 pendeat
997 2427 1059 2484 apta,

360 2503 471 2565 Collocat,
484 2513 510 2554 ut
522 2503 605 2553 limbus
617 2513 734 2567 totumque
745 2512 865 2567 appareat
876 2521 968 2554 aurunt.

176 2589 244 2637 Haec
261 2591 323 2638 olim
339 2592 496 2652 scripseram.
522 2590 572 2641 Sed
587 2591 676 2652 magis,
693 2591 791 2654 opinor,
811 2588 1077 2639 satisfacientcurioso
1089 2589 1177 2639 lectori
1189 2586 1291 2652 (quam-

171 2687 247 2733 quam
259 2674 291 2721 ab
303 2674 343 2721 his
355 2688 407 2722 non
419 2671 580 2735 dissentiant)
598 2688 678 2737 nuper
690 2674 786 2724 erudite
798 2688 828 2722 ac
840 2675 943 2736 copiose
954 2674 980 2722 in
992 2674 1060 2722 hunc
1072 2674 1156 2723 locum
1169 2682 1292 2736 congesta

171 2770 186 2802 a
203 2754 242 2805 Cl.
261 2756 324 2804 Viro
342 2757 435 2806 Carolo
452 2759 530 2807 Datio
551 2759 584 2806 ad
600 2758 673 2807 Vitas
694 2759 821 2820 pictorum
837 2759 1012 2820 antiquorum:
1031 2758 1076 2820 qui
1091 2766 1181 2820 gustus
1195 2757 1289 2824 effecit,

171 2848 199 2889 ut
210 2840 356 2889 universum
369 2854 433 2903 opus
446 2848 517 2891 tanto
529 2841 703 2890 vehementius
720 2843 854 2904 acriusque
871 2843 1012 2893 desiderent
1024 2841 1142 2892 homines
1153 2843 1290 2904 elegantes.

205 2925 269 2974 Car.
282 2926 315 2974 X.
336 2923 388 2986 [36,
404 2923 446 2986 73]
474 2922 529 2974 bum
548 2924 659 2974 tristitiae
675 2941 763 2975 ornnem
776 2925 901 2990 imapinem
913 2924 1102 2989 consumpsisset]
1125 2927 1200 2976 Voss
1213 2933 1236 2975 et
1247 2926 1290 2975 tri·

170 3009 256 3058 stiriae.
285 3010 361 3070 Quod
378 3010 482 3058 omnino
500 3009 605 3072 requirit
622 3010 714 3059 oratio:
735 3007 791 3059 Cum
809 3017 906 3057 moestos
919 3008 1037 3072 pinxisset
1053 3025 1144 3070 omnes,
1161 3009 1291 3073 praecipue

169 3102 289 3156 patruum,
302 3102 325 3141 et
336 3093 447 3141 tristitiae
458 3109 546 3142 omnent
558 3093 683 3158 imaqinem
695 3092 881 3156 consumpsisset,
891 3092 970 3156 patris
983 3093 1057 3156 ipsius
1069 3091 1157 3143 nultum
1169 3092 1264 3143 velavit.

205 3176 258 3239 [³6,
274 3177 317 3240 76]
336 3176 461 3241 Pamphili
470 3177 567 3241 pictura
578 3185 612 3225 est
623 3179 731 3241 cepnatio
742 3185 766 3226 et
772 3176 891 3240 praelium
904 3176 938 3225 ad
951 3175 1096 3239 Phliuntem]
1114 3177 1290 3229 nacholiae

170 3272 230 3312 sunt
242 3262 341 3325 pictura
358 3271 392 3310 est
408 3264 526 3325 ignorata
537 3263 675 3313 Vossiana:
693 3272 719 3311 et
735 3263 810 3312 verba
824 3262 904 3311 Plinii
917 3263 1095 3325 praecedentia
1105 3260 1181 3311 facile
1192 3261 1218 3310 id
1230 3277 1289 3325 pro-

170 3347 239 3394 bant.
261 3348 369 3396 Dixerat
385 3348 465 3395 enim:
482 3344 622 3409 Eupompus
634 3343 746 3407 (docuit)
757 3343 920 3408 Pamphilum,
934 3343 1028 3409 Apellis
1041 3352 1225 3408 praeceptorem.
1243 3345 1292 3394 Est

168 3427 290 3491 Eupompi
301 3428 374 3476 vietor
385 3429 511 3477 certamine
521 3429 628 3494 ppmnico
637 3424 744 3492 palmum
758 3437 842 3490 tenens,
856 3439 903 3479 eto.
915 3428 1040 3492 Pamphili
1050 3429 1165 3492 cepnatio.

205 3510 295 3574 [inid]
323 3496 405 3570 Quam
417 3512 542 3560 mercedem
559 3521 582 3561 et
596 3511 692 3576 Apelles
713 3521 735 3561 et
750 3512 898 3563 Melanthius
913 3513 936 3562 ei
950 3511 1047 3575 dedere]
1074 3513 1214 3562 Vossianus
1230 3527 1290 3575 pro-

168 3597 297 3648 numenei
311 3613 361 3647 non
374 3598 496 3660 agnoscit.
516 3597 705 3661 Scribenquanr
717 3595 843 3647 niercedem
860 3597 883 3644 ei
892 3596 990 3660 Apelles
1001 3605 1023 3646 et
1034 3593 1180 3647 Melanthius
1196 3593 1289 3644 dedere.

204 3680 257 3743 [36,
272 3680 314 3744 nt]
342 3680 375 3730 Ut
387 3681 459 3744 pueri
473 3680 568 3745 inpenui
583 3690 638 3731 unte
655 3681 735 3731 arania
747 3679 929 3745 diapraphicen]
953 3682 995 3732 Sic
1007 3681 1137 3739 Gelenius,
1152 3694 1210 3729 eum
1223 3691 1291 3730 esset

168 3768 200 3814 ab
212 3766 354 3817 Hermolao
366 3764 559 3831 Diapraphicen,
577 3765 605 3816 id
620 3774 665 3828 est,
681 3767 800 3830 picturam
812 3765 837 3814 in
856 3766 928 3827 huno,
944 3782 990 3830 pro
1002 3763 1193 3830 antiqraphiccn,
1211 3761 1238 3810 id
1248 3771 1305 3823 eat„

164 3849 285 3912 picturam
307 3851 333 3898 in
350 3849 404 3900 luta.
431 3853 499 3902 Men.
516 3852 598 3900 neca.
617 3851 683 3901 Gud.
706 3851 802 3915 inpenui
820 3850 899 3898 arania
916 3847 1070 3914 antiprapha.
1098 3847 1173 3897 Voss.
1195 3845 1292 3909 inpendi

168 3933 246 3980 onmia
263 3933 436 3997 antipraphice.
458 3935 539 3998 Lege:
558 3942 585 3983 ut
597 3934 668 3998 pueri
683 3934 779 3998 inpenni
788 3933 868 3983 omnia
879 3941 934 3982 ante
943 3932 1083 3998 praphicen,
1100 3930 1143 3981 hoc
1154 3936 1197 3990 est,
1212 3928 1290 3993 pictu-

168 4033 229 4076 ram,
246 4017 271 4064 in
290 4019 350 4066 burra
366 4016 509 4069 docerentur.
531 4018 618 4069 Omnia
633 4026 688 4066 ante
704 4025 816 4068 estante
832 4018 925 4076 omnia,
946 4024 975 4066 ut
991 4016 1128 4067 Suetonius
1139 4015 1290 4065 Domitiano

167 4116 222 4164 cap.
236 4107 259 4150 9.
277 4102 397 4150 aerarium
410 4101 483 4166 apud,
500 4089 605 4154 Tacitus
624 4101 731 4165 [Annal.
745 4109 784 4164 15,
793 4100 839 4164 m]
858 4101 921 4150 eiam
934 4100 1026 4150 Miseni
1035 4107 1140 4164 propter,
1152 4107 1178 4148 et
1189 4098 1290 4158 nundin,

168 4185 198 4230 de
215 4185 305 4244 quibus
318 4185 438 4235 Obserrr.
452 4194 475 4248 ³,
490 4193 520 4237 19
537 4185 574 4251 [p.
588 4192 645 4236 604.
664 4202 688 4251 p.
701 4191 759 4236 294.
771 4183 901 4246 Frotscb]
916 4185 1034 4235 diximus.
1059 4170 1196 4234 Cieterum
1214 4181 1290 4230 buius
