2760 4734
174 238 235 301 100
662 258 803 300 ottonom

208 407 261 471 [36,
279 407 323 471 98]
345 408 381 457 Et
395 423 476 456 sensus
493 424 570 456 omnes
587 407 708 471 expressit,
727 425 785 471 quos
804 407 894 459 Graeci
909 416 994 457 vocant
1010 406 1072 469 etbe]
1097 411 1174 462 Voss.
1191 419 1217 461 et
1233 414 1296 462 Pin·
1339 456 1346 467 ,

172 496 245 545 tiani:
258 502 280 541 et
291 509 371 541 sensus
381 492 481 541 bantinus
490 491 612 555 expressit,
624 507 686 555 quae
697 500 781 540 vocant
791 492 874 556 praeci
884 491 941 542 etia.
959 495 1040 555 Lege:
1055 501 1077 540 et
1088 509 1170 542 sensus
1181 493 1297 546 humanos

172 577 294 642 expressit,
306 593 367 639 puae
379 585 464 624 vocant
478 574 569 626 Graeci
578 572 641 640 ἤθη.
704 557 713 578 ⁸

207 660 260 723 [³6‚
278 659 323 722 99]
350 659 386 708 Et
402 659 603 722 anapauomenen
618 666 717 721 propter
733 674 835 706 amorem
844 659 938 722 fratres
954 659 1100 723 morientem]
1128 664 1189 713 Vox
1205 665 1296 716 ultima

171 748 204 796 ab
220 745 390 808 explicatione
406 752 456 793 est:
474 758 534 792 nam
551 758 598 792 nec
614 745 639 791 in
652 744 729 811 Voss.
748 757 795 791 nec
806 744 889 792 Acad.
902 759 948 793 nec
961 744 1028 794 Gud.
1042 760 1097 794 nec.
1110 749 1179 796 Men.
1193 753 1295 815 conspi-

172 831 245 879 citur.
267 829 405 891 Eleganter
419 843 472 876 nno
488 827 613 876 vocabulo
631 835 657 876 et
673 842 766 875 nomen
783 827 884 876 tabulae
902 838 927 876 et
938 842 992 877 rem
1006 830 1136 892 expressit.
1161 831 1294 896 Intelligit‚

172 914 270 976 opinor,
286 912 381 975 Byblin
398 926 483 961 amore
499 911 581 961 Cauni
598 907 805 977 ἀναπαυομένην
823 911 871 958 τοῦ
887 906 961 971 βίου.
985 914 1098 963 Pintiani
1116 916 1205 964 eodem
1219 919 1295 967 verbo

172 996 254 1045 caruit
265 998 354 1046 codex.

208 1079 260 1143 [86,
276 1078 336 1142 102]
358 1078 423 1128 Huic
435 1078 545 1142 picturae
561 1087 645 1141 quater
661 1077 758 1126 colorem
776 1077 870 1127 induxit
886 1079 992 1128 subsidia
1009 1080 1111 1130 iniuriae
1123 1091 1146 1131 et
1158 1085 1293 1148 sunamite]

173 1166 307 1216 Hermolai
324 1172 369 1214 est.
387 1164 463 1214 Voss.
477 1162 542 1213 Gud.
556 1164 625 1212 Men.
637 1164 728 1224 Aeac,
745 1172 773 1212 ut
789 1173 864 1213 antea
881 1165 1014 1214 edebatur:
1033 1164 1127 1213 induxit
1142 1175 1224 1217 cantra
1239 1171 1295 1217 sub-

172 1248 236 1299 sidia
251 1249 354 1297 iniuriae
370 1255 392 1295 et
408 1246 538 1296 uetustatis.
560 1247 662 1297 Novum
680 1249 731 1296 hoc
748 1248 838 1308 visum,
857 1250 900 1311 qui
916 1247 1045 1296 subsidium
1063 1252 1157 1314 ubique
1174 1252 1228 1303 iere
1245 1269 1293 1317 pro

173 1334 269 1384 auxilio
283 1343 308 1383 et
320 1333 466 1382 adiumento
478 1331 539 1395 poni
551 1333 727 1381 meminerant.
751 1332 801 1382 Sed
812 1333 911 1381 Plinius
923 1331 1032 1380 subsidio
1043 1336 1128 1397 potuit
1140 1337 1230 1395 dicere,
1243 1353 1294 1400 quo

172 1433 247 1468 sensu
260 1419 384 1481 Vegetius
400 1417 526 1476 subsessas‚
545 1417 616 1479 quasi
632 1431 679 1479 pro
695 1416 791 1465 insidiis
809 1424 854 1464 aut
865 1417 996 1480 inopinata
1008 1418 1042 1478 vi,
1060 1417 1101 1467 vel
1117 1433 1164 1482 pro
1181 1420 1205 1467 vi
1217 1428 1294 1483 atque

172 1502 268 1565 impetn
288 1502 388 1550 serioris
410 1500 537 1562 temporis.
564 1500 629 1549 Nam
651 1497 759 1548 subsidia
780 1508 839 1549 sunt
859 1501 935 1549 robur
953 1505 1090 1551 secundum
1112 1509 1137 1552 et
1153 1514 1293 1566 posterum,

172 1587 279 1648 primam
295 1585 374 1634 aciem
392 1584 521 1646 excipiens
537 1591 562 1632 et
579 1584 713 1633 sustinens.
739 1585 825 1644 Multi,
842 1584 884 1646 qui
901 1585 1024 1648 principia
1041 1595 1186 1637 constanter
1200 1587 1294 1638 tolera-

171 1685 229 1720 vere
249 1669 390 1718 autetiam
410 1667 544 1729 impulere,
566 1668 752 1730 postprincipiis
773 1682 880 1717 cessere:
908 1668 955 1728 vel,
978 1681 1006 1718 ut
1026 1670 1118 1733 clarius
1137 1672 1227 1732 dicam,
1248 1673 1293 1735 qni

172 1757 268 1819 primae
289 1752 352 1803 aciei
372 1750 461 1800 hostili
482 1750 632 1810 restiterant,
653 1751 791 1800 autetiam
809 1753 943 1801 eamloeo
965 1765 1105 1816 moverant,
1126 1757 1183 1804 victi
1200 1766 1260 1805 sunt
1277 1771 1293 1804 a

110 1842 158 1888 836
171 1837 290 1899 subsidiis,
311 1845 448 1901 postquam
470 1850 509 1885 res
525 1838 557 1885 ad
574 1835 675 1884 tdarios
690 1836 811 1884 rediisset
837 1837 1004 1886 Praesentem
1020 1838 1152 1898 iniuriam,
1173 1840 1291 1890 omnibns

172 1924 312 1973 custodiam
328 1920 524 1984 praestantibus,
545 1933 632 1969 recens
653 1919 741 1969 tabula
757 1919 832 1968 facile
850 1920 951 1983 effugit;
974 1922 1007 1970 ab
1023 1932 1107 1974 aetate
1128 1924 1217 1972 vitium
1237 1938 1291 1972 non

172 2008 269 2064 metuit,
290 2006 360 2054 haud
380 2006 416 2053 ita
436 2012 493 2054 tuta
512 2005 545 2053 ab
565 2012 682 2053 secutura
699 2004 803 2064 iniuria,
825 2019 882 2052 oum
900 2014 959 2068 post
974 2005 1077 2069 longam
1095 2008 1162 2056 diem
1179 2009 1291 2058 maurina

171 2090 287 2150 habetur,
305 2091 337 2138 ab
350 2097 467 2138 secuturo
479 2089 539 2138 situ:
559 2095 584 2137 et
599 2089 663 2137 haec
675 2098 734 2137 sunt
744 2086 851 2135 subsidia
864 2087 966 2136 iniuriae
978 2097 1000 2137 et
1012 2091 1139 2140 vetustatis.
1163 2091 1191 2140 Si
1206 2100 1291 2140 tamen

171 2177 197 2224 id
210 2178 302 2225 durum
319 2174 437 2243 cuiquam
453 2173 576 2232 videatur,
593 2187 727 2236 possumus
743 2173 862 2222 scribere:
881 2181 962 2221 contra
975 2173 1067 2223 obsidiis
1079 2175 1180 2224 iniuriae
1192 2183 1214 2223 et
1224 2183 1291 2224 vetu-

170 2259 248 2308 statis.
267 2259 308 2309 Sic
321 2257 466 2307 Columella
478 2261 501 2317 8,
516 2263 530 2306 2
545 2254 580 2318 [7.
593 2255 653 2307 Vol.
666 2257 701 2305 11.
713 2272 738 2319 p.
751 2260 809 2307 387.
823 2256 949 2318 Schneid,
966 2258 1010 2308 ubi
1021 2259 1115 2321 legitur
1126 2257 1291 2308 insidiatorum

170 2341 333 2404 anitnalium]:
355 2339 409 2389 dim
428 2349 506 2389 tumen
524 2356 584 2389 anus
599 2338 683 2388 sedula
703 2339 740 2388 nel
755 2357 816 2405 puer
837 2338 981 2391 adhibeatur
1000 2350 1075 2392 eustm
1096 2343 1240 2406 repandum,
1262 2359 1292 2392 ne

171 2425 269 2477 obsidiis
280 2426 396 2475 hominum
408 2434 451 2473 aut
463 2422 626 2474 insidiosorum
640 2423 776 2474 animalium
789 2424 944 2489 diripiantur.
955 2427 1026 2477 Idem
1035 2427 1077 2476 lib.
1086 2431 1129 2487 9,7
1142 2424 1244 2488 [evol
1252 2427 1289 2477 Π.

171 2528 195 2574 p.
208 2509 282 2573 446]:
305 2519 387 2559 canna
396 2508 528 2572 fallaciam
543 2508 639 2570 lacerti,
660 2509 703 2572 qni
718 2509 780 2558 velut
797 2518 873 2560 custos
890 2509 998 2560 uestibuli
1014 2508 1146 2573 [Schneid.
1163 2510 1289 2575 vestibulo]

167 2594 336 2659 prodeuntibus
352 2593 448 2642 inhians
463 2594 546 2656 apibus
563 2595 637 2657 affert
651 2594 760 2655 exitium,
781 2610 867 2657 eaeque
880 2595 1006 2658 pauciores
1021 2595 1148 2657 intereunt,
1169 2613 1219 2644 cum
1237 2595 1292 2646 iicet

170 2678 247 2726 nituere
260 2678 333 2742 pestis
351 2676 442 2726 obsidia
457 2692 501 2741 per
517 2676 586 2726 aliud
600 2677 740 2727 vadentibus
757 2679 876 2743 effupium.
900 2680 958 2730 Sive
970 2681 1049 2730 mavis
1061 2679 1200 2740 volantibus,
1211 2687 1240 2728 at
1252 2691 1291 2731 est

170 2765 195 2810 in
208 2763 270 2811 Mss.
289 2764 366 2811 Forte
383 2769 467 2809 autem
479 2763 617 2823 legendnm
629 2762 730 2824 eiusque,
744 2769 773 2811 ut
783 2764 816 2811 ad
828 2760 859 2811 τὸ
869 2764 944 2827 pestis
955 2764 1084 2814 referatur.
1106 2766 1206 2814 Eodem
1220 2765 1289 2814 libro

170 2861 225 2909 cap.
239 2851 253 2894 9
273 2842 344 2906 [Vol.
357 2844 391 2893 11.
409 2860 432 2908 p.
446 2841 520 2906 451]:
542 2845 589 2893 nesi
603 2847 720 2894 curatoris
736 2844 825 2894 obsidio
839 2847 947 2910 protinus
964 2849 1056 2911 excepti
1070 2857 1136 2909 sunt,
1152 2847 1289 2915 diffupiunt.

169 2931 223 2981 Nec
235 2930 338 2981 minoris
351 2929 491 2993 elegantiae
503 2927 593 2978 obsidio
605 2933 673 2994 apud
685 2931 813 2992 Plautum,
824 2931 981 2994 Ciceronem,
993 2934 1113 2983 Plinium.
1126 2933 1178 2983 Iste
1187 2933 1288 2983 Asinae.

170 3020 193 3077 2,
207 3020 230 3075 t,
244 3021 282 3063 lt.
300 3015 392 3064 Herum
405 3013 429 3062 in
441 3011 559 3063 obsidione
570 3013 666 3077 linquet,
683 3015 801 3064 inimieim
819 3016 910 3064 animas
927 3017 1027 3066 auxerit.
1046 3018 1121 3069 Alter
1134 3024 1156 3067 b.
1168 3016 1247 3067 famil.
1261 3024 1288 3066 62

169 3104 210 3145 n'cc
225 3106 310 3160 putant
325 3099 348 3146 ei
362 3115 465 3146 nummos
481 3097 559 3147 deesse
566 3116 645 3163 posse,
658 3099 700 3163 qui
710 3116 739 3148 ex
750 3099 869 3148 obsidione
872 3101 1040 3163 foeneratores
1052 3102 1168 3151 exemerit.
1187 3101 1290 3151 Tertius

169 3183 196 3230 in
208 3183 301 3245 Paneg.
316 3180 385 3244 [el]:
403 3199 444 3231 nec
460 3181 573 3232 mediocre
585 3183 656 3247 pacis
669 3182 740 3233 decus
751 3183 881 3233 iubebatur
891 3185 1000 3235 submota
1011 3186 1101 3248 campis
1113 3185 1290 3249 irmptiesera·

169 3280 220 3312 rum
233 3272 255 3312 et
267 3264 384 3314 obsidione
396 3265 500 3329 quadam
514 3266 625 3317 liberatus
637 3269 762 3332 aprestiutn
776 3267 850 3318 labor.

204 3345 293 3408 [Ibin]
317 3349 349 3396 Ut
364 3365 431 3411 quent
451 3351 545 3412 pariter
566 3367 635 3400 casus
657 3360 679 3399 et
699 3367 740 3398 ars
758 3350 876 3414 pinxerit]
901 3355 976 3404 Voss.
994 3349 1027 3402 τὰ
1045 3362 1068 3402 et
1083 3370 1124 3402 urs
1140 3368 1185 3417 pro
1202 3355 1289 3404 nothis

169 3429 254 3479 habet.
282 3429 354 3489 Quae
371 3434 422 3479 duo
444 3434 568 3483 vocabula
585 3435 702 3497 ambigo,
726 3445 809 3485 utrum
826 3438 924 3486 lateant
939 3439 966 3486 in
984 3435 1024 3503 τῷ
1034 3437 1289 3502 Ρανίῑοωῆιθτίῑᾳαε

169 3529 236 3578 quem
247 3529 290 3562 ars
302 3523 324 3562 et
334 3530 415 3576 casas,
434 3531 466 3565 an
480 3518 587 3567 voluerit
597 3520 713 3583 intelligi,
726 3522 868 3583 scribendo,
880 3523 946 3572 utin
958 3523 1112 3572 membranis
1124 3531 1172 3572 eet:
1184 3531 1288 3585 atquem

166 3599 258 3662 puriter
270 3616 339 3648 casus
348 3599 461 3664 pinxerit,
474 3602 577 3663 scilicet,
589 3619 640 3654 non
653 3621 692 3655 are
704 3615 748 3654 ant
760 3605 853 3655 artifex
865 3615 972 3656 tantum.

203 3682 292 3746 [leia]
316 3683 372 3735 Non
390 3683 510 3733 iudicabat
525 3702 549 3733 se
565 3688 695 3750 exprimere
712 3689 735 3738 in
752 3706 778 3737 eo
790 3706 896 3753 spumam
908 3689 1043 3739 nummatis
1051 3688 1133 3754 passe]
1155 3691 1221 3741 Dele
1233 3706 1289 3741 ver·

167 3769 228 3817 bum
244 3770 363 3818 ultimum
376 3771 449 3820 iussu
462 3771 537 3819 Voss.
550 3772 631 3821 Acad.
645 3773 711 3823 Gad.
724 3775 802 3834 Men,
821 3788 929 3836 quorum
947 3777 997 3825 duo
1015 3776 1112 3839 priores
1128 3776 1205 3825 etiam
1222 3792 1247 3824 se
1264 3776 1288 3824 in

167 3867 193 3898 en
205 3867 341 3914 exprimere.

203 3933 255 3996 [³6,
273 3936 333 3999 104]
361 3935 416 3986 Cum
431 3939 541 4003 pinperet
556 3939 711 4004 Popppzonta
727 3943 861 3992 retinentem
878 3959 968 4006 equum.
994 3943 1081 3992 Canem
1097 3943 1132 3991 itu
1141 3933 1288 4006 Protapenes

167 4020 306 4068 monstravit
322 4028 344 4068 et
351 4021 468 4085 fortuna]
492 4025 542 4074 Hic
558 4039 658 4087 quoque
674 4027 746 4076 locus
763 4036 801 4076 est
819 4029 919 4077 habitus
937 4029 1051 4091 pessime.
1075 4028 1157 4077 Aead.
1176 4026 1289 4074 retinente

163 4111 274 4164 panetum
287 4104 322 4152 ita
332 4113 477 4168 protopencs.
491 4109 526 4159 Ut
538 4117 564 4159 et
573 4107 639 4158 Gud.
652 4126 681 4158 nc
693 4111 803 4175 Menap,
816 4112 862 4160 nisi
876 4114 945 4174 qnod
955 4127 1079 4174 punctum.
1100 4112 1175 4162 Voss.
1188 4110 1289 4160 retinent

163 4200 285 4247 pumecum
303 4188 339 4236 ita
352 4197 499 4254 protopenes.
521 4192 635 4242 Primum
653 4195 712 4244 satis
730 4194 777 4245 fuit
796 4197 878 4245 dicere
891 4196 988 4245 Plinio:
1007 4211 1058 4244 cum
1068 4193 1287 4259 pinperetPoppp-
