2760 4734
396 294 500 336 nonen
516 295 559 335 so
574 292 656 335 ιιιιιι.
671 294 765 336 xxx1.
781 294 888 336 xxxn.
1157 276 1197 339 tt

115 447 180 497 Cer.
192 446 226 493 X.
240 443 293 505 [46,
308 442 368 504 llo]
387 442 446 492 Itan
458 451 542 492 contra
553 459 651 508 argema
662 441 787 492 oculorum.
814 444 908 507 Ungues
924 442 1039 493 decoctum
1052 459 1103 492 cum
1111 445 1197 508 passo]

79 528 182 580 Cbiflet.
195 537 220 576 et
232 537 340 590 quatuor
351 529 439 588 nostri,
452 543 570 591 arcemus.
587 529 664 578 Voss.
674 543 795 591 arqeman.
813 529 903 577 Potest
912 529 1034 590 excusari,
1048 536 1075 578 ιιι
1087 544 1138 577 cum
1150 545 1199 576 ser-

78 613 126 661 vili
136 611 229 660 schema
241 620 266 660 ιι
282 609 412 673 imperatae
423 610 529 658 schemae
545 611 588 659 lib.
600 617 640 671 to,
653 618 667 661 6
681 609 734 672 [38,
749 609 822 673 123]:
841 609 903 660 Item
915 611 939 658 in
956 610 1155 675 pallinaceifelle
1166 611 1202 660 ad

78 711 202 759 arqemam
213 702 236 741 et
243 693 372 758 albugines.
382 694 570 744 SieVossianus
580 695 641 743 etin
649 702 721 757 parte
731 694 830 744 Ohiflet.
841 692 1201 758 Mox[88,128]:Arpemoec

78 777 148 827 melle
156 778 271 839 omnibus,
280 793 341 840 quae
352 792 428 841 supra
439 777 530 840 scripta
541 785 601 837 sunt,
610 785 718 826 sanatur.
736 778 886 836 Vossianus,
898 776 1035 842 Argamum,
1048 780 1147 840 deinde,
1160 794 1199 826 sa-

80 871 177 911 nantur.
190 863 278 913 Scribe
286 869 382 910 sanant.
394 861 482 910 Refert
494 862 560 910 euim
573 861 637 909 baec
649 875 682 910 ex
695 862 814 924 opinione
823 863 992 924 quorundam:
1003 869 1031 910 ιιι
1042 862 1131 925 paullo
1143 869 1201 912 ante

80 945 194 1006 suadent,
209 943 362 1008 promittitur.
380 945 447 992 unde
464 945 577 1007 suspicor
594 953 620 994 et
636 951 761 992 munnere
778 944 947 994 scribendum.
971 945 1038 996 (iud.
1056 960 1159 1009 quoque
1176 955 1202 995 ιι

83 1032 164 1078 Aeaci.
175 1036 304 1078 sanantur:
322 1028 405 1076 Aosd.
423 1026 531 1090 Arpano
546 1035 570 1075 et
585 1043 614 1075 ea
630 1026 704 1076 melle.
729 1028 861 1078 Posterior
876 1036 948 1077 aetas
964 1029 1046 1078 multo
1062 1030 1089 1077 in
1102 1030 1142 1078 his
1153 1029 1203 1078 tuit

80 1114 205 1162 licentior.
233 1112 402 1175 Mureulphus
418 1112 462 1159 lib.
478 1117 499 1159 l.
516 1110 589 1160 form.
611 1116 632 1160 1.
650 1119 673 1158 et
688 1119 794 1159 sanctum
811 1111 914 1160 clm'sma
928 1111 1034 1175 singulis,
1050 1112 1074 1160 si
1088 1112 1204 1162 voluerint

80 1196 211 1260 postulare,
225 1212 271 1258 pro
286 1194 418 1243 reverentia
435 1192 481 1242 loci
491 1194 542 1242 sine
550 1193 627 1256 pretio
639 1193 758 1243 concedat.
780 1195 823 1244 Sic
835 1195 912 1244 edidit
925 1194 966 1246 ct.
978 1196 1129 1258 Bignonius.
1152 1197 1202 1248 Sed

82 1283 111 1328 in
122 1280 274 1327 membranis
291 1278 472 1339 antiquissimis
487 1278 540 1340 legi
551 1285 657 1325 sanctam
669 1276 802 1326 clrr'smam.
826 1279 967 1328 Vossianus
985 1280 1060 1328 etlam
1077 1282 1159 1330 nescit
1171 1278 1201 1330 τὸ

82 1379 143 1421 cum,
160 1364 332 1412 hebetantem
344 1358 444 1409 adiuuat
455 1358 490 1408 ad
504 1359 643 1421 clamtatm,
660 1361 714 1410 sine
726 1359 766 1425 τῷ
775 1361 870 1422 nitrum,
887 1363 956 1425 quod
968 1376 1015 1411 nec
1026 1364 1052 1412 in
1067 1362 1144 1414 chit.
1157 1372 1202 1414 est.

83 1449 215 1496 Fortasse:
234 1445 288 1493 item
301 1452 384 1493 contra
394 1459 506 1508 arpenas
517 1442 642 1504 oculorum,
655 1442 785 1508 albugines,
798 1444 916 1494 decoctum
925 1461 999 1509 passo
1010 1446 1035 1494 in
1047 1444 1107 1495 mali
1116 1446 1206 1496 Punici

84 1528 165 1577 calice.
188 1526 298 1576 Adiuvat
308 1526 343 1575 ad
353 1527 486 1576 claritatem
498 1527 563 1575 uisus
580 1542 630 1576 cum
647 1526 714 1576 melle
729 1529 855 1578 inunctum.
883 1529 925 1578 sto
940 1529 984 1578 lib.
997 1517 1038 1590 id,
1052 1535 1066 1579 5
1080 1527 1134 1592 [20,
1147 1529 1204 1593 to]:

85 1611 160 1660 Succo
171 1618 193 1658 et
202 1598 324 1659 cicatrices
336 1610 453 1659 oculorum
466 1618 488 1658 et
499 1610 621 1674 albugines
633 1619 656 1658 et
665 1627 764 1675 argema
775 1611 896 1661 inunxere.
913 1613 957 1662 lib.
967 1619 1008 1674 ιι,
1021 1619 1053 1663 25
1067 1611 1120 1675 [ta
1132 1611 1204 1674 tto]:

83 1695 139 1744 Hoc
150 1693 185 1742 ad
202 1695 312 1743 Venerem
323 1692 491 1742 stimulandam
504 1702 527 1742 et
538 1691 574 1742 ad
583 1693 702 1742 oculorum
712 1710 818 1759 argema,
831 1693 959 1759 albugines.
976 1696 1036 1746 Pari
1045 1706 1071 1746 ιι
1079 1696 1121 1746 hic
1130 1712 1204 1760 asyn-

86 1782 144 1828 deto
158 1780 233 1828 Voss.
245 1779 301 1827 Lib.
315 1783 356 1839 te,
370 1785 384 1828 6
398 1776 451 1839 [ts,
465 1776 508 1839 65]
523 1785 606 1826 contra
621 1776 740 1826 oculorum
757 1777 888 1842 albugines,
901 1778 1062 1838 obscuritates,
1073 1776 1205 1839 cicanices,

83 1878 189 1926 cryemo.
214 1862 270 1913 Nisi
282 1862 356 1911 malis
368 1862 465 1924 inunges
475 1876 523 1924 pro
535 1875 630 1923 unques.
657 1860 711 1910 Nee
722 1860 817 1910 frustra
828 1863 946 1910 adiicitur
956 1862 1116 1925 praepositio,
1128 1876 1204 1924 quam

84 1953 111 1994 et
122 1946 204 1994 Acad.
216 1961 294 1995 manu
306 1948 416 1994 secunda
428 1945 529 1993 invenio
541 1944 703 2006 adscriptam.
727 1944 795 1993 Vide
806 1946 839 1992 ud
850 1945 952 1994 Livium
964 1945 1007 1993 lib.
1021 1950 1062 2006 29,
1077 1951 1099 1994 1.

121 2027 173 2090 [46,
192 2027 252 2090 122]
270 2028 422 2091 Pruripinem
435 2026 539 2076 alumine
547 2027 661 2090 perme'sto
678 2024 750 2088 tollit]
773 2028 876 2077 Partem
892 2028 967 2077 huius
984 2029 1088 2091 cepitis,
1105 2027 1204 2086 abillo,

83 2110 180 2161 Addita
196 2120 218 2160 et
233 2112 313 2160 resina
329 2111 405 2160 initiis
420 2127 471 2160 cum
483 2119 549 2159 aceto
559 2109 663 2159 illinitur
675 2109 729 2173 [to,
745 2109 814 2172 118],
830 2113 922 2175 repetit
934 2113 1074 2161 Vossianus
1085 2113 1206 2161 insertam

83 2195 129 2243 lib.
147 2201 179 2244 st
197 2210 252 2259 cap.
271 2201 284 2243 5
303 2193 356 2257 [20,
374 2193 430 2257 57].
447 2196 561 2257 Utroque
577 2203 663 2244 eutem
674 2195 734 2244 loco
746 2195 855 2270 babetur¹
867 2194 1016 2258 Porriqinem
1033 2193 1135 2242 alumine
1150 2208 1206 2255 per-

84 2278 159 2326 mixto
172 2277 239 2329 altit

453 2473 520 2540 AD
542 2472 660 2539 LIBR.
682 2470 840 2538 XXXII.

123 2614 186 2663 Otr.
199 2614 219 2662 L
234 2612 269 2676 [l,
282 2611 309 2675 t]
326 2614 366 2663 De
377 2611 429 2661 ulla
437 2613 544 2676 pomntia
554 2605 656 2661 natu'rae
667 2620 738 2675 atque
749 2609 846 2677 affectu]
865 2611 941 2662 Voss.
958 2619 1060 2661 naturae
1071 2619 1097 2662 ut
1108 2628 1171 2677 quae
1183 2620 1206 2661 et
1220 2623 1268 2668 810

84 2698 178 2759 infectu.
201 2699 283 2760 Lege:
300 2696 330 2745 de
340 2696 392 2746 ullo
399 2697 508 2760 potentia
518 2704 620 2745 naturae
631 2680 699 2760 cique
717 2704 741 2745 et
751 2696 843 2759 effectu.
870 2694 1003 2759 Andegsr.
1019 2703 1120 2745 naturae
1136 2704 1206 2759 utque

85 2783 177 2844 effectu.

122 2863 158 2926 [4,
173 2863 216 2926 10]
235 2864 370 2928 Pinpuique
386 2864 436 2912 eius
450 2865 606 2928 neqoaatores
621 2871 645 2912 et
660 2863 760 2911 omnium
773 2860 886 2926 pameas]
903 2864 980 2912 Voss.
995 2862 1074 2926 pingit
1089 2878 1140 2925 qua
1156 2863 1207 2911 eius

84 2955 225 2996 mercatores
233 2950 259 2997 in
270 2947 371 3010 spumata
383 2955 405 2994 et
416 2947 525 2996 omnium.
543 2947 614 2995 Men.
627 2952 653 2995 ιι
664 2945 731 2996 uun
744 2945 873 3008 pinpsn'que
885 2943 935 2992 ente
946 2951 1087 2992 mercatores
1098 2944 1205 3007 negemu-

85 3040 123 3079 tor
133 3039 157 3078 et
167 3030 275 3078 omnium.
297 3030 420 3078 Academ.
436 3028 565 3092 pinguique
576 3026 625 3076 ιιίιι
635 3024 775 3076 mercatores
786 3026 936 3089 nepotimtur
947 3033 971 3074 et
981 3026 1090 3075 omnium.
1118 3027 1205 3077 Ande·

85 3129 143 3176 gau.
153 3112 283 3175 pinguique
296 3110 347 3159 eins
359 3119 499 3159 mercatores
510 3109 642 3174 nepodotor
657 3107 767 3158 omnium.
795 3109 893 3159 Scribe:
908 3108 1038 3173 pinguique
1055 3109 1104 3156 eise
1115 3123 1205 3156 macc-

85 3206 148 3245 tores
160 3195 289 3259 neqotiatos
301 3203 323 3242 et
334 3193 416 3242 lterum
425 3193 526 3257 piscium
538 3191 610 3257 odt'pe
620 3190 840 3255 camelospetunyt'.
863 3193 929 3243 Nam
946 3196 978 3243 ud
994 3193 1058 3242 haec
1076 3194 1162 3242 omnia
1173 3206 1206 3242 ex

85 3280 255 3343 superioribus
271 3278 436 3342 intelligimus
447 3275 510 3326 Iuba
527 3276 607 3327 uadit.
635 3277 711 3338 Quod
722 3284 806 3326 eutem
820 3284 965 3327 constanter
978 3277 1019 3326 bie
1034 3276 1134 3340 legitur,
1150 3275 1206 3340 pin-

84 3364 171 3427 guique
183 3363 240 3423 eius,
255 3377 287 3412 ex
297 3377 327 3412 eo
336 3377 425 3413 noscas
439 3363 500 3411 licet
512 3369 574 3410 cetos
582 3377 660 3426 supra
669 3362 763 3412 dixisse
772 3361 884 3411 Plinium
897 3374 949 3410 non
961 3373 1068 3410 numero
1079 3360 1207 3424 plurativo

87 3446 129 3509 (ut
147 3448 322 3497 existimarunt
338 3448 413 3496 etiem
432 3447 614 3496 accuratissimi
630 3444 698 3509 riri),
717 3447 762 3496 sed
778 3446 908 3508 singulari,
925 3452 954 3494 ιιι
966 3445 1058 3496 Graeci
1072 3441 1104 3493 τὸ
1117 3444 1205 3509 κῆτος.

87 3533 193 3581 Frustra
205 3546 306 3594 quoque
318 3532 453 3581 subiiciunt
463 3537 545 3579 cetum.
561 3545 621 3580 nem
638 3537 700 3578 cetos
715 3537 818 3580 tuentur
829 3528 918 3593 optimi
931 3531 1037 3580 codices.
1059 3528 1135 3577 Adde
1147 3528 1205 3587 huc,

87 3630 152 3677 quse
164 3613 199 3663 ad
207 3616 250 3665 lib.
264 3622 305 3677 tt,
320 3623 350 3667 13
364 3613 417 3677 [45
431 3613 474 3676 tt]
488 3617 605 3665 diximus.

122 3698 186 3748 Cer.
198 3700 233 3748 ΙΙ,
247 3697 300 3761 [11‚
314 3697 359 3761 22]
378 3700 468 3749 Fama
480 3707 514 3747 est
532 3699 555 3748 ei
562 3699 671 3762 fruticis,
682 3697 747 3747 color
758 3697 855 3761 uiridis]
873 3701 951 3748 Voss.
965 3688 1076 3747 tonitui
1089 3693 1123 3743 ei:
1140 3695 1205 3752 dein,

88 3780 157 3843 colos,
174 3792 203 3832 ut
215 3798 289 3847 saepe
302 3785 362 3834 alibi
374 3784 481 3833 Plinius.

122 3866 187 3916 Cen.
199 3866 247 3916 III.
263 3865 316 3928 [13‚
329 3866 373 3928 rt]
391 3864 613 3930 Corrumpisraude
624 3865 795 3916 coniicienttbus
802 3865 892 3932 nummi
899 3880 950 3913 eum
961 3861 1012 3912 sale
1019 3858 1205 3922 Hammomaeo]

87 3950 239 4000 Hennolsns
250 3951 379 4001 Barbarus
391 3957 501 4000 veterem
514 3952 650 4000 lectionem
662 3945 864 4001 esse'monnerst
879 3964 932 3998 non
948 3962 999 3996 cum
1016 3942 1078 4006 sale,
1094 3946 1139 3995 sed
1155 3959 1207 3993 eum

87 4034 213 4097 sanquine,
227 4045 321 4085 etcum
333 4050 360 4084 se
372 4035 482 4099 probare
494 4035 696 4095 exDioseoride,
715 4037 758 4099 qui
776 4036 841 4084 haec
856 4035 911 4098 ipsa
929 4033 980 4082 fere
992 4033 1025 4080 ad
1035 4030 1142 4079 verbum
1154 4038 1206 4079 trs-

87 4120 138 4167 dat.
162 4122 228 4169 Ecce
240 4121 313 4180 alins,
326 4121 379 4169 sive
389 4121 411 4170 is
420 4120 600 4183 Dalecampius
612 4128 658 4181 est,
671 4121 715 4184 qui
726 4122 760 4169 sd
769 4119 908 4182 marginem
922 4116 1035 4178 corrigit:
1048 4113 1208 4178 corrumpitur

78 4200 174 4264 frande
186 4202 353 4252 coniicientium
369 4200 431 4265 (boc
448 4219 481 4254 ex
493 4204 604 4254 Pintieui
620 4205 675 4254 cod.
690 4212 716 4253 et
727 4199 842 4263 Ohiflet.)
858 4200 947 4266 cummi
961 4206 1004 4248 aut
1020 4196 1206 4247 hammoniacam

987 4278 1004 4312 ἦ
