2760 4734
437 289 541 334 nonan
558 293 600 335 nn
616 293 699 333 mue.
716 288 782 332 xvr.
799 286 867 330 xix.
884 289 940 331 xx.
1206 272 1243 334 15

126 445 226 509 plenum,
246 461 278 494 un
291 446 383 493 mirum
397 454 435 493 est
446 445 472 493 id
484 445 536 494 fleri
555 457 587 492 ex
597 440 676 506 plena,
695 457 772 505 quum
785 442 968 491 vetustissimus
981 441 1094 490 minutae
1106 443 1245 506 scripturae

127 532 256 580 character
272 530 373 579 vocales
385 526 409 575 A
422 534 447 578 et
463 528 490 578 U
501 537 553 578 tam
565 528 660 577 similes
671 527 779 575 reddat?
797 526 840 575 An
852 533 985 588 propterea
998 526 1149 576 demendum
1161 528 1245 576 Plinio

127 614 218 662 Audax
234 614 292 675 vita,
311 615 354 676 qui
371 613 464 663 centies
481 612 552 661 citam
569 626 617 675 pro
631 589 724 671 secr‘rlo,
742 625 787 674 pro
800 610 952 670 hominibus,
969 617 1080 674 usurpet,
1097 612 1162 660 nihil
1174 621 1202 660 ut
1213 612 1246 661 sit

128 700 149 747 ei
168 698 333 748 familiarius?
357 693 447 744 Audax
464 695 521 756 uita,
539 704 586 745 etc.
603 695 627 743 id
645 703 690 756 est,
707 692 824 743 homines
840 693 947 757 improbi
964 709 994 742 ac
1010 694 1145 755 temerarii,
1162 697 1246 745 audax

128 783 209 845 Iapeti
226 797 313 843 genus,
331 782 391 842 quid
408 794 460 828 non
477 781 536 829 estis
548 779 649 829 moliti?
672 792 737 841 quae
754 792 807 826 non
824 778 922 827 scelera
938 778 1067 829 edidistis?
1088 777 1180 827 Audax
1197 780 1247 828 uita

128 871 172 923 est,
191 867 259 926 quod
276 865 497 924 (11111111).11,10
515 861 568 924 [31,
583 859 640 924 56];
663 860 729 919 Quid
743 877 788 909 nors
807 869 923 909 tentavere
940 859 1059 910 domines?
1084 862 1138 912 Iam
1155 861 1249 925 aliquid

127 948 175 996 seri
185 949 276 997 dicitur
287 950 400 1011 abrupte,
418 948 551 998 intellectu
566 946 618 994 τῶν
631 961 694 1009 quae
705 953 833 995 commenta
845 961 876 1006 es,
889 946 930 995 vel
942 943 1006 993 itane
1017 953 1145 994 commenta
1157 963 1188 1008 as,
1206 948 1246 996 vel

127 1031 214 1079 Annon
227 1040 352 1089 morurtrurn
364 1035 416 1079 est?
436 1038 465 1080 ut
482 1032 563 1080 multa
578 1029 641 1080 talia
655 1045 702 1094 per
717 1031 862 1090 infinitivus,
879 1032 910 1079 de
923 1031 1039 1092 qualibus
1051 1031 1156 1082 Observ.
1170 1036 1193 1093 1,
1208 1038 1247 1081 lt.

95 1104 98 1110 ¹
129 1118 181 1165 Pro
199 1125 251 1164 tam
268 1117 366 1166 acribus
382 1124 408 1166 et
424 1116 615 1164 uehementibus
630 1115 794 1164 subiiciantnr
805 1114 877 1162 nobis
889 1113 934 1162 illa
946 1114 1041 1164 scilicet
1052 1116 1160 1165 iacentia
1171 1130 1247 1181 sopo-

128 1202 213 1264 risque
226 1208 251 1248 ct
262 1202 367 1250 inertiae
378 1200 468 1263 plena:
491 1197 582 1247 Audax
593 1196 626 1259 id,
642 1206 669 1246 at
684 1196 795 1246 scelerum
805 1196 899 1260 plenum
911 1196 1008 1259 aliquid
1017 1198 1072 1248 aeri.
1096 1199 1151 1248 Iam
1163 1201 1184 1250 si
1196 1215 1248 1250 me.

128 1285 214 1344 liores,
233 1291 259 1330 ut
275 1283 364 1347 capiat,
380 1284 430 1333 fuit
445 1284 541 1345 utiquc,
558 1291 583 1330 ut
598 1289 678 1330 ventos
690 1280 837 1345 prccdlasve
853 1281 941 1344 capiat,
960 1285 1172 1345 quemadmodum
1188 1287 1247 1335 Pin-

128 1369 221 1417 tiunus.
240 1367 299 1427 Sed,
312 1376 340 1416 nt
352 1368 413 1428 dixi,
427 1376 544 1430 quatuor,
557 1382 620 1429 quas
631 1375 691 1416 ante
704 1367 794 1415 oculos
807 1366 937 1425 habemus,
950 1367 1119 1429 membranae,
1135 1377 1161 1415 ut
1172 1376 1250 1418 venus

128 1448 290 1514 procellasque
308 1449 414 1514 recipiat.
442 1450 509 1511 Quid
533 1458 571 1500 est
592 1457 691 1510 antem,
715 1466 756 1498 uec
771 1465 858 1512 parum
876 1464 925 1497 esse
942 1456 965 1497 et
973 1449 1090 1512 flectebas
1105 1450 1163 1501 11111
1180 1452 1249 1502 aelii

129 1534 204 1594 Nam,
224 1542 252 1582 ut
269 1536 320 1583 hoc
337 1534 449 1595 minime,
467 1535 503 1582 ita
518 1534 625 1583 alterum
643 1530 723 1596 (qnod
736 1535 796 1596 quia
806 1547 852 1597 per
863 1548 964 1583 11111111
976 1533 1064 1598 scripti
1077 1535 1186 1584 convelli
1197 1551 1250 1585 non

130 1619 220 1680 potuit,
239 1619 295 1667 sola
307 1619 411 1666 libidine
424 1615 549 1679 mutatur)
560 1617 707 1681 planissime
719 1632 850 1680 assequor:
869 1617 903 1666 Et
913 1632 1003 1680 parum
1016 1618 1078 1667 mali
1090 1625 1134 1667 aut
1144 1619 1251 1681 periculi

130 1703 225 1766 putari,
245 1704 312 1764 quod
331 1704 426 1751 incerta
442 1703 565 1751 fluctuum
584 1716 661 1752 neres
679 1702 786 1752 iactent:
809 1708 835 1750 et
852 1701 924 1765 quasi
940 1716 1031 1764 parum
1050 1703 1201 1754 discriminis
1219 1705 1252 1755 sit

131 1787 235 1846 aditum,
253 1799 311 1835 eum
323 1787 407 1850 coepit
421 1786 539 1835 fluctibus
553 1787 678 1835 committi
690 1787 769 1847 navis,
787 1787 856 1835 ultro
869 1787 1020 1849 comparari,
1033 1800 1078 1850 per
1090 1791 1159 1850 quod
1170 1788 1252 1851 111ςί1

132 1871 164 1918 111
175 1870 201 1917 in
212 1876 340 1932 potestate
351 1877 486 1918 ventorum
498 1883 528 1917 ac
538 1867 716 1931 procellarum.
735 1868 763 1919 Si
775 1865 806 1916 τὸ
820 1884 861 1917 nec
872 1869 1036 1931 admittimus,
1049 1870 1185 1922 dicendum
1197 1872 1252 1932 erit,

132 1969 173 2001 nec
184 1953 243 2000 satis
255 1969 311 2001 esse.
335 1953 453 2015 Sequitur
464 1953 570 2000 ibidem:
593 1967 664 2014 super
675 1967 716 1999 eas
729 1959 806 2000 tamen
820 1950 882 2000 addi
892 1951 993 2001 uelorum
1006 1951 1057 2002 alia
1069 1953 1128 2013 velas,
1143 1964 1251 2018 praeter-

133 2053 177 2097 que
189 2037 212 2084 iu
221 2037 303 2099 proris
315 2044 337 2084 et
348 2035 400 2084 alia
411 2036 436 2083 in
446 2035 563 2099 puppibus
573 2033 657 2098 pandi.
682 2035 724 2089 sic
735 2036 797 2086 Mes.
810 2037 907 2098 Vulgo,
917 2045 1058 2100 praeterque
1069 2037 1121 2087 alia
1131 2039 1156 2088 in
1164 2040 1252 2104 prorue

134 2122 275 2172 Salmasius
293 2121 406 2182 corrigit:
431 2127 530 2182 praeter
546 2134 606 2180 quae
628 2119 652 2166 in
671 2119 766 2182 1111111,
789 2121 883 2170 oblitus
901 2120 952 2169 hoc
967 2129 1108 2186 praeterque
1123 2124 1209 2174 Plinio
1226 2127 1253 2175 in

134 2206 230 2254 deliciis
251 2219 317 2254 esse:
342 2219 420 2266 quum
440 2204 494 2267 ipse
511 2203 538 2252 id
555 2203 680 2252 notaverit
700 2204 734 2251 ad
750 2203 937 2254 Tertullianum
958 2207 989 2254 de
1006 2206 1089 2255 Pallio
1108 2223 1133 2270 p.
1154 2213 1209 2258 140.
1227 2210 1254 2260 in

133 2288 225 2347 verbis,
240 2302 305 2351 qnae
317 2293 417 2336 exstant
429 2286 474 2336 lib.
487 2291 511 2346 9,
525 2290 557 2335 39
570 2284 624 2349 [64,
640 2284 712 2347 les]:
730 2284 761 2335 In
772 2285 921 2351 conchylium
932 2295 994 2336 veste
1005 2296 1100 2338 caetera
1111 2289 1193 2339 eadem
1203 2291 1254 2340 siue

135 2371 237 2420 buccine.
254 2378 396 2434 praeterque
412 2369 448 2418 ius
461 2377 604 2434 temperatur
615 2386 688 2433 aqua.
710 2370 859 2433 Praeterque
871 2370 895 2419 in
904 2371 986 2435 proris
998 2379 1021 2420 et
1031 2371 1083 2421 alia
1093 2373 1118 2422 in
1126 2374 1253 2438 puppibus,

134 2461 180 2515 est,
198 2461 223 2504 11
237 2462 413 2518 praeterquam
431 2455 457 2503 in
473 2454 554 2518 proris
571 2455 648 2505 etiarn
664 2455 715 2504 alia
729 2456 756 2504 in
772 2456 899 2520 puppibus
916 2457 973 2506 vela
989 2458 1074 2520 pandi.
1096 2459 1156 2510 Vid.
1169 2463 1202 2510 ad
1213 2465 1253 2511 33.

134 2540 179 2589 ult.
203 2538 257 2602 [Ex
269 2536 371 2588 Miscetl.
384 2554 408 2602 p.
422 2536 492 2600 8511]

540 2737 604 2803 ΑΙ)
628 2737 746 2804 LIBR.
768 2738 851 2804 XX.

171 2879 235 2929 Gar.
247 2876 336 2928 XVII.
354 2874 408 2939 [78,
423 2871 484 2938 189]
514 2871 571 2925 Otene
589 2875 645 2941 apio
657 2876 760 2943 olfactus
776 2886 961 2928 stemutamenta
972 2877 1071 2942 inlita]
1094 2881 1255 2945 Quamquam
1270 2843 1317 2940 {3⁸1

137 2963 220 3013 omnis
236 2963 311 3013 huius
327 2962 411 3025 coepti
427 2962 521 3010 fiducia
535 2954 674 3011 secundum
691 2958 738 3010 τὸν
755 2959 865 3027 δωτῆρα
882 2959 954 3011 ἐάων
975 2963 1049 3014 nobis
1065 2965 1098 3013 sit
1114 2959 1319 3043 archetypanfflj

137 3047 275 3095 Vossiana:
302 3060 353 3094 uon
375 3045 516 3108 sprevimus
536 3051 621 3093 tamen
641 3046 773 3106 adhibere,
795 3061 858 3108 quas
877 3046 1020 3110 potuimus,
1041 3054 1067 3097 et
1084 3050 1189 3099 secundi
1205 3050 1257 3100 loci

137 3128 303 3190 membranas,
320 3130 391 3178 velut
407 3128 547 3178 Vossianus
559 3129 633 3178 binus
648 3126 831 3191 (distinguendi
848 3143 910 3192 ergo
927 3130 1092 3193 abdominis,
1109 3147 1174 3196 quos
1186 3142 1257 3184 ante-

138 3212 187 3259 hac
204 3211 271 3260 alter
290 3211 315 3260 in
336 3215 400 3273 tine,
422 3213 487 3262 alter
502 3213 529 3261 iu
544 3212 668 3276 principio
684 3213 801 3263 habuisse
818 3229 845 3264 se
862 3220 997 3275 testantur,
1018 3214 1217 3280 Andagarenses
1233 3227 1259 3270 11

137 3294 270 3358 Menapias
287 3295 494 3360 appellabimus),
513 3303 614 3359 quartas
630 3297 795 3358 Academiae,
813 3298 914 3362 quintas
932 3300 1094 3351 eruditissimi
1106 3309 1132 3353 11
1143 3304 1258 3366 ingenio·

138 3380 229 3428 sissimi
241 3380 389 3443 Marquardi
401 3380 479 3431 Gudii
495 3381 576 3430 nostri
592 3378 636 3442 [de
647 3381 688 3431 his
700 3383 774 3432 codd.
785 3382 843 3432 ride
855 3399 920 3447 quae
932 3381 1013 3449 Sillip.
1026 3387 1103 3438 habet
1114 3388 1141 3437 in
1151 3390 1258 3454 praelat.

137 3479 163 3526 p.
174 3461 316 3525 XXXH.]:
334 3479 387 3514 non
401 3465 458 3515 illas
474 3465 577 3528 quidem
595 3466 686 3516 aetatis
702 3467 814 3517 eiusdem
825 3474 851 3517 et
861 3469 928 3528 fidei,
946 3469 1047 3520 interim
1059 3472 1148 3535 utiles;
1166 3475 1259 3538 quippe

139 3560 204 3610 qnae
215 3561 298 3610 neque
310 3556 416 3612 repente
428 3564 443 3597 a
454 3548 625 3600 vetustissima
637 3550 760 3614 scriptura
771 3552 849 3613 omni,
860 3553 903 3602 sed
912 3555 1066 3617 pedetentim
1078 3564 1104 3604 11
1112 3568 1157 3619 per
1165 3558 1259 3618 gradm

138 3645 248 3693 cumque
259 3631 346 3693 aliquo
359 3633 455 3695 pudore
466 3633 619 3696 abscessum,
638 3641 664 3683 et
674 3634 697 3684 si
708 3649 761 3684 non
771 3637 849 3699 plano
863 3637 1017 3698 testimonio,
1035 3639 1144 3700 vestigiis
1157 3640 1259 3700 quibus-

140 3716 207 3775 dam,
224 3716 358 3766 veritatem
375 3723 420 3766 aut
435 3719 488 3766 cius
499 3718 657 3768 revocandae
669 3719 802 3782 propiores
813 3721 874 3782 vias,
892 3723 1101 3771 demonstrarent.
1121 3723 1172 3771 Hic
1183 3723 1260 3785 igitur

140 3804 165 3846 ct
176 3798 252 3848 Voss.
270 3807 296 3850 et
310 3800 490 3861 Academicus,
508 3808 673 3852 sternumenta.
697 3801 787 3867 Neque
803 3804 845 3853 hic
861 3807 947 3865 morlo,
964 3804 1009 3854 sed
1025 3805 1101 3853 etiam
1116 3805 1159 3855 lib.
1172 3811 1213 3867 11,
1228 3811 1258 3856 111

141 3879 196 3944 [44,
211 3879 254 3943 75]
273 3880 332 3931 odor
342 3881 434 3933 alicnus
445 3892 603 3933 sternumenta
615 3885 725 3949 protims
741 3903 840 3936 movens.
858 3894 883 3938 11
896 3903 950 3951 cap.
964 3885 1060 3949 11[93,
1076 3886 1135 3950 163]
1153 3898 1260 3939 monetet

139 3963 235 4014 andum
252 3973 418 4017 sternumenta.
440 3969 486 4018 lib.
504 3975 572 4031 2³,1
593 3967 646 4032 [17,
665 3968 709 4033 54]
731 3969 848 4036 sinpultue
864 3969 964 4032 collibet,
986 3979 1145 4021 sternumenta
1161 3972 1259 4038 olfactu.

140 4049 238 4109 111111,
252 4051 265 4098 7
285 4048 338 4113 [13,
352 4050 397 4113 88]
416 4050 612 4103 danilanenidus
624 4061 647 4102 et
656 4055 818 4104 sternumentis
831 4071 843 4104 e
850 4053 947 4119 pituita.
971 4055 1014 4105 Sic
1031 4055 1099 4105 enim
1110 4057 1259 4110 Vossianus.

140 4132 278 4185 EChiflet.
295 4141 418 4186 notarunt
432 4135 620 4186 sternutamentis
632 4153 644 4186 e
652 4137 748 4202 piutita.
769 4139 852 4190 Acad.
864 4147 960 4190 noster:
982 4145 1138 4190 aureamento
1150 4141 1259 4206 pituitas.

140 4217 216 4269 Plato
226 4219 254 4268 in
266 4219 373 4270 Timaeo
387 4217 424 4285 [p.
437 4225 479 4271 st.
490 4220 521 4271 B.
532 4220 594 4271 Vol.
607 4220 668 4272 VII.
685 4239 712 4288 p.
724 4229 782 4274 341.
795 4220 912 4285 Stallb.]:
934 4216 1044 4287 eterna
1056 4219 1109 4281 ὀξὺ
1120 4220 1165 4276 zai
1178 4221 1260 4288 ἁλμυ.
