2760 4734
465 305 569 347 uorsa
586 305 629 347 so
644 307 728 349 uma.
744 307 848 351 xxxv.
1157 294 1219 359 103

129 456 183 520 [40,
200 455 259 518 las]
283 455 373 520 Satyro
390 469 441 504 cum
455 453 518 518 pelle
531 455 690 519 pantherina,
708 472 774 520 quem
791 457 961 524 Apoeceponta
978 461 1113 526 appellant]
1136 465 1218 516 Acen.

97 541 318 604 Asoooeopemonta.
331 539 398 589 (lud.
410 548 605 602 aposcopeuonta.
622 543 691 590 Men.
703 551 905 606 aposcopemontn.
924 545 1000 596 Voss.
1015 546 1218 611 Aposcopeuontu.

94 617 335 675 'Anoaaorreu‘oura
355 622 460 672 Notavit
470 630 496 672 st
506 624 533 672 in
545 624 597 674 suis
609 626 771 675 Hermolaus.

132 706 223 772 [tutu]
247 705 417 758 Nobilissimas
432 714 509 755 autern
525 723 587 770 quae
602 709 696 757 suntin
708 709 840 773 porticibus
855 711 969 761 Octauiae
984 711 1103 776 operibus]
1128 714 1218 764 Anno·

95 804 152 844 tunt
168 809 198 841 ez
215 792 266 840 eius
282 789 397 856 operibus,
413 791 511 840 malum
527 792 595 841 malo
613 802 737 842 sanantes.
764 795 801 843 At
817 796 960 846 Vossiaum
978 810 1036 847 cum
1053 796 1219 858 Academico,

94 879 167 928 Men.
180 876 308 934 Gadium,
326 883 354 923 ut
365 884 391 923 et
401 875 525 924 Pintiani:
543 891 604 937 quae
619 884 673 924 sunt
683 877 708 924 in
723 877 836 927 Octaviae
847 879 967 942 operibus,
985 880 1092 930 excluso
1108 877 1149 944 τῷ
1159 897 1218 945 por·

96 961 195 1021 tinibus,
214 961 283 1024 quod
301 961 376 1008 inane
393 973 423 1007 ae
439 973 631 1022 supervacuum.
649 962 692 1011 lib.
705 965 774 1023 84,t
792 960 845 1024 [14,
858 961 915 1024 81]ε
933 978 995 1026 quae
1011 971 1093 1012 statua
1109 979 1169 1012 nunc
1185 972 1221 1012 eet

95 1046 122 1094 in
140 1043 255 1095 θεωυίω
271 1043 385 1106 operibus.
407 1043 451 1092 lib.
464 1049 532 1104 36,5
550 1041 586 1105 [4,
602 1042 656 1105 15]ι
682 1045 838 1109 Veneremque
858 1047 907 1095 eius
927 1062 975 1097 esee
992 1047 1017 1096 in
1037 1047 1149 1098 Octaviae
1165 1063 1219 1111 epe-

95 1128 169 1178 rsbua.
191 1127 227 1176 Et
242 1141 329 1176 rursus
346 1125 383 1189 [4,
397 1124 454 1188 22]:
474 1125 566 1190 Cupido
586 1127 687 1176 obiectus
702 1143 720 1176 a
738 1127 847 1178 Oiaerone
865 1131 947 1192 Verri,
969 1130 1016 1192 ille,
1035 1137 1134 1195 propter
1151 1144 1219 1192 quem

101 1210 220 1274 Respice
231 1211 374 1271 uisebantur,
386 1226 447 1258 nunc
458 1217 494 1258 est
505 1211 529 1258 in
545 1209 658 1260 Octauiae
669 1211 755 1261 soboles
763 1213 863 1276 positus.

132 1293 260 1366 [411140]
282 1291 353 1344 Clean
371 1293 480 1354 Admeto,
501 1291 644 1344 ctesidemus
664 1294 790 1345 Oechaliae
806 1296 987 1362 expugnatione]
1010 1299 1129 1348 Vosslau.
1151 1296 1221 1347 Cleon

98 1377 197 1440 &aaa
210 1387 239 1428 ut
249 1387 275 1429 et
285 1379 404 1428 Pintiani.

131 1460 223 1524 [mia]
239 1461 324 1511 Pinxit
333 1460 475 1510 volutantem
487 1478 538 1511 curn
548 1463 674 1526 piscatore,
687 1479 753 1527 quem
766 1465 872 1529 repinam
884 1480 967 1513 umore
978 1480 1055 1515 sermo
1066 1464 1130 1528 erat]
1143 1467 1220 1517 Voss.

93 1547 212 1611 piram
233 1547 277 1596 An
294 1554 332 1596 est
349 1560 442 1595 nomen
459 1547 571 1597 hominis
593 1557 619 1597 et
634 1550 794 1599 scribendum
806 1549 940 1599 Pomm?
962 1550 1064 1600 Nomen
1081 1551 1131 1600 boc
1143 1549 1222 1601 Grae·

96 1636 169 1690 cr'uu,
191 1628 384 1692 quantocitius
404 1644 507 1693 quoque
530 1633 574 1680 dat
594 1633 669 1681 allcui
688 1633 875 1683 Centaurorum
895 1635 940 1685 lib.
966 1639 996 1684 12
1018 1631 1136 1695 [Metam.
1157 1649 1221 1685 vers.

97 1720 156 1775 505,
168 1715 213 1763 ubi
224 1728 292 1763 nunc
303 1715 387 1764 editur
403 1711 548 1777 strumae}
567 1723 652 1764 etcum
664 1716 779 1766 Pisenore
794 1715 904 1767 Caunos.

133 1795 188 1859 [⁴²2
200 1795 259 1860 150]
279 1796 330 1848 seu
340 1797 366 1845 in
377 1797 491 1846 cortinam
499 1798 617 1862 piamenti
624 1801 745 1863 feruentia
756 1799 846 1861 merso]
861 1802 945 1850 Verba
955 1802 1020 1848 baec
1029 1802 1090 1851 satls
1099 1804 1223 1851 mendosa

54 1943 60 1949 Ι
99 1896 134 1930 ax
149 1883 224 1932 codd.
240 1882 387 1945 Hispalensi
404 1891 428 1931 et
446 1883 517 1944 regio
533 1895 561 1931 se
573 1884 705 1932 restituere
717 1891 790 1946 putat
802 1884 940 1933 Gonsulius
952 1885 984 1932 ad
995 1884 1098 1933 Petron.
1111 1880 1179 1948 [cap.
1194 1883 1221 1945 5]

99 1965 242 2016 nubendo:
264 1965 309 2014 sed
323 1966 347 2014 in
363 1964 456 2014 eortina
468 1965 550 2029 pinqi,
572 1965 596 2013 in
610 1967 734 2028 feruentes
749 1982 827 2030 aquae
844 1982 929 2016 mersa
956 1966 1007 2018 Sed
1025 1981 1099 2016 nosse
1116 1968 1223 2017 debebat

100 2051 167 2099 bunc
183 2050 245 2099 olim
261 2051 396 2100 lectionem
413 2051 543 2112 vulgatam
560 2049 646 2110 fuisse,
664 2064 741 2113 quam
759 2051 828 2100 omni
845 2066 920 2102 sensu
936 2058 1065 2101 carentem
1082 2066 1115 2101 ex
1132 2052 1221 2101 malio-

99 2134 168 2183 ribus
184 2133 261 2195 libris,
279 2142 308 2183 nt
325 2149 393 2183 nnnc
410 2134 527 2194 babetur,
546 2133 668 2184 Gelenius
685 2135 800 2185 mutavit.
827 2135 901 2196 Quae
922 2136 989 2185 enim
1009 2151 1088 2198 aquae
1099 2135 1223 2198 feruentes

100 2223 198 2266 uniam
208 2219 260 2266 rim
272 2216 386 2280 ungendi
398 2217 510 2266 habenti
528 2218 604 2268 Voss.
616 2218 641 2266 in
653 2217 768 2267 cortinam
777 2218 874 2282 piqmen
886 2225 912 2266 ut
915 2218 1035 2282 feruentes
1047 2234 1131 2267 merso.
1151 2220 1223 2280 Quae

100 2302 245 2364 significem
270 2303 331 2352 satis
356 2303 423 2351 clare
447 2303 586 2365 repositum
607 2317 623 2350 a
644 2302 761 2353 Gelenio.
790 2304 858 2352 Vela
878 2302 1011 2352 illinuntur
1035 2304 1221 2352 medicamento

101 2385 214 2435 colorem
230 2386 358 2436 trahente:
381 2386 440 2435 dein
456 2394 600 2435 mersantur
619 2387 760 2436 incertius
780 2387 833 2437 siva
853 2387 952 2447 aheno,
973 2386 999 2435 in
1018 2401 1069 2449 quo
1086 2400 1138 2436 non
1156 2401 1222 2448 aqua

100 2483 184 2530 mera,
205 2472 250 2520 sed
268 2470 427 2533 pigmentum
448 2470 540 2520 fervet:
563 2471 597 2519 ibi
619 2472 832 2520 medicamentum
853 2471 918 2521 illud
939 2471 1002 2520 velie
1021 2470 1116 2520 illitum
1137 2471 1223 2520 sorbet

99 2555 225 2613 colorem,
236 2554 372 2616 etquidem
383 2555 482 2604 varium
494 2570 527 2604 ex
539 2556 671 2618 pigmento
683 2553 743 2604 licet
753 2555 829 2605 unius
841 2556 941 2605 coloris.

137 2636 202 2687 csr.
218 2636 280 2686 ΧΠ
297 2633 349 2698 [45,
364 2637 424 2700 154]
446 2637 471 2686 Α
488 2637 573 2687 dextra
589 2655 663 2702 opera
678 2637 822 2703 Damophili
835 2655 892 2702 ease,
910 2655 927 2688 a
936 2647 1008 2703 parte
1020 2637 1089 2688 laeua
1104 2637 1221 2703 Gorpasr]

100 2722 178 2771 Voss.
195 2720 228 2769 ab
240 2728 317 2770 entra.
339 2724 405 2784 dein,
422 2739 471 2771 esee
487 2722 575 2786 aplane
590 2723 702 2788 Geryoni.
725 2724 823 2774 Scribe:
842 2725 873 2773 ab
890 2722 975 2773 derna
992 2739 1066 2788 opera
1082 2720 1225 2786 Danropbili

101 2820 158 2865 esse,
170 2805 202 2852 ab
214 2802 284 2852 laeua
299 2803 410 2870 Gorpaai.

137 2886 225 2950 [Ibin]
247 2888 341 2938 Romae
356 2890 436 2939 Parim
455 2892 554 2953 nomine,
571 2908 588 2940 a
604 2908 649 2955 quo
657 2894 745 2955 suetas
760 2893 853 2943 Romae
870 2892 940 2954 uuas]
960 2893 1059 2943 Gelenil
1076 2901 1121 2941 ast.
1147 2892 1222 2941 Voss.

99 2972 144 3031 fae
155 2988 241 3036 pomae
257 2980 334 3022 muas.
356 2975 424 3025 Hinc
440 2976 483 3023 alii
499 2976 583 3026 fecere
592 2977 681 3039 factus
693 2977 784 3025 Romae
801 2978 874 3024 tubas.
896 2977 979 3025 Acad.
992 2976 1062 3023 Men.
1075 2973 1223 3036 (lausana

99 3058 205 3119 pemeria
215 3072 283 3106 aneu.
302 3057 353 3108 Sed
366 3060 522 3109 reddendum
535 3067 588 3109 erat
596 3060 672 3122 facta
680 3075 754 3121 poma
769 3067 791 3106 et
802 3074 868 3107 anae.
888 3057 1009 3121 Sequitur
1020 3059 1047 3106 in
1059 3058 1140 3107 Acad.
1150 3056 1223 3106 Men.

104 3139 171 3190 Gud.
187 3141 241 3190 item
254 3142 328 3204 pincis
343 3150 439 3205 aspectu
455 3160 472 3191 a
488 3144 549 3191 omre
565 3142 704 3192 ducmnere.
729 3145 806 3193 Voss.
823 3142 877 3190 item
891 3141 966 3205 piscis
982 3148 1079 3205 aspectu
1091 3139 1223 3190 discanere

103 3239 121 3271 a
132 3224 200 3274 neria
222 3225 355 3291 Nusquam
372 3227 449 3276 itaut
465 3228 564 3277 nonsit.
588 3228 687 3278 Censeo
702 3225 807 3291 piscibus
822 3227 886 3276 nihil
904 3241 958 3276 esse
975 3225 1033 3287 loci,
1052 3235 1077 3276 et
1093 3226 1222 3289 scripsisse

103 3318 244 3360 auctorem:
262 3317 288 3359 ut
299 3326 345 3359 non
355 3326 435 3375 posses
446 3320 542 3375 aspectu
554 3310 685 3360 discernere
696 3329 713 3360 a
724 3312 793 3361 verra.

128 3391 229 3456 ·[lbid.]
254 3392 326 3444 Ουίω
338 3395 504 3460 proplasmata
516 3396 596 3460 pluria
612 3397 690 3445 venire
706 3395 788 3458 solita]
812 3396 855 3447 Sic
867 3396 996 3459 Gelenius,
1014 3412 1070 3447 cum
1088 3404 1154 3447 esset
1166 3412 1222 3460 pro.

101 3474 225 3538 plustr'aen.
243 3479 326 3529 Acad.
338 3481 408 3530 Meu.
419 3481 485 3532 Gud.
497 3480 563 3529 cuiue
572 3479 684 3544 planetico.
698 3483 772 3532 Voss.
782 3480 849 3530 cuiue
855 3479 1029 3544 pleurosamta.
1042 3484 1131 3533 Fortes
1140 3479 1224 3544 plasta

103 3559 197 3632 Samia,
216 3571 245 3612 ut
256 3579 317 3612 uasa
329 3564 422 3615 Samia.

140 3642 192 3706 [45,
205 3644 265 3708 157]
283 3647 336 3697 Nec
344 3649 447 3710 poenitet
458 3665 500 3697 nos
511 3647 613 3711 illorum,
626 3649 669 3712 qui
680 3648 739 3698 tales
751 3649 852 3713 coluere]
865 3651 941 3702 Voss.
959 3651 1002 3712 qui
1013 3647 1071 3698 tales
1083 3663 1120 3695 eos
1132 3644 1222 3695 coluere

103 3731 275 3794 suprascripta
287 3733 361 3782 litera
372 3732 408 3793 D,
420 3740 449 3781 ut
461 3741 534 3796 esset,
547 3733 589 3796 qui
600 3732 659 3781 tales
671 3732 726 3782 deor
737 3734 834 3785 colum.
912 3798 915 3804 ,

139 3811 267 3877 [45,158]
294 3815 401 3879 Aeuique
413 3815 533 3878 firmitate
550 3818 651 3866 certiora
669 3817 741 3880 auro]
768 3820 843 3870 Voss.
857 3817 988 3879 firmitates
1004 3815 1118 3864 ananan.
1146 3816 1222 3864 Haud

103 3899 192 3959 dubie,
204 3899 324 3961 Jimritate
340 3902 474 3961 sanctiora,
493 3905 560 3965 qnod
577 3904 720 3952 restitutum
737 3903 769 3952 ab
785 3903 925 3952 Hermolao
942 3901 1009 3950 male
1025 3900 1131 3949 mutarit
1148 3899 1222 3949 Gele-

101 3985 168 4034 nius.
185 3985 268 4036 Acud.
280 3987 350 4036 Men.
364 3987 430 4038 Gnd.
443 3988 566 4037 sanctiore.

138 4065 193 4130 [46,
208 4068 269 4132 ltu]
287 4068 434 4132 Imbricibus,
453 4070 536 4120 tubulis
553 4068 691 4134 repulsisque]
710 4073 787 4122 Voss.
804 4070 936 4119 imbricibus
952 4068 1022 4119 doliis
1037 4068 1072 4119 ad
1087 4070 1145 4118 uina
1157 4085 1222 4119 cxco-

99 4153 187 4219 9itotis
197 4153 233 4203 aei
243 4171 322 4219 aquas
334 4155 420 4204 tubulis
431 4155 466 4204 aei
477 4155 582 4204 balineas
594 4157 728 4205 mammetis
743 4157 778 4206 ad
789 4165 849 4205 tecta
865 4154 984 4204 coctilibus
1000 4153 1119 4204 laterculis
1128 4154 1222 4217 funda-

102 4239 187 4288 mentis
198 4255 261 4304 quae
272 4248 315 4291 aut
327 4257 388 4305 quae
400 4240 483 4291 Numa
493 4257 537 4289 ree
547 4241 675 4304 septimum.
