2760 4734
127 289 186 328 vm
563 283 808 326 Puoxuoouunn.

124 434 303 498 nominatur
325 445 357 498 et
377 433 464 498 haud
478 431 589 518 procul
610 455 630 496 a
644 429 813 518 Brigantia
828 430 889 494 sita
903 439 961 496 est.
982 429 1037 494 Ex
1051 452 1118 496 uno
1133 429 1251 497 horum

124 541 340 631 Augiensium
362 541 471 608 codice
493 541 641 627 249(37)
664 550 790 605 constat
811 562 922 604 omnes
942 539 1041 605 libros
1057 539 1251 627 Augienses

124 675 208 718 anno
221 654 303 718 1457
317 674 402 716 novo
417 664 449 716 et
467 651 537 736 pari
552 660 738 737 tegumento
753 649 831 716 corii
845 648 911 715 albi
924 649 1042 735 ligatos
1056 671 1130 716 esse
1149 651 1250 738 (coni.

125 763 283 850 Anaeiyer
310 786 369 827 aar
397 761 516 825 Kande
543 760 696 825 teatccber
725 759 866 837 Vocant,
896 759 947 824 ed.
968 759 1080 825 Motae.
1112 759 1153 824 T.
1184 759 1251 825 ΠΙ.

109 907 113 911 -
124 897 157 959 p.
174 872 245 936 137.
270 871 379 956 1834).
407 869 623 951 Quamobrem
644 869 731 934 hunc
752 868 895 934 codicem
916 867 1211 952 Hieronymianum
1232 891 1252 932 a

126 981 317 1047 monasterio
344 978 504 1066 Augiensi
533 977 568 1044 S.
596 978 757 1044 Blasianis
786 977 963 1057 monachis,
993 978 1156 1044 nescimus
1186 1001 1251 1064 quo

126 1103 280 1176 tempore,
304 1100 390 1156 certe
412 1099 486 1154 ante
506 1112 625 1154 annum
641 1091 733 1168 1791,
755 1088 997 1167 commodatum,
1019 1110 1126 1174 neque
1141 1088 1184 1154 ab
1199 1089 1252 1154 his
1282 1131 1285 1143 ·

125 1186 288 1267 redditum
311 1222 383 1266 esse
406 1199 618 1289 suspicamur.

169 1306 325 1394 Superest
347 1309 430 1374 enim
453 1310 486 1372 in
508 1308 563 1373 illa
584 1308 776 1373 bibliotheca
797 1305 1013 1373 Carlsruhana
1029 1306 1250 1392 Augiensium

129 1418 275 1483 codicum
302 1420 467 1506 catalogus
496 1439 581 1482 anno
610 1420 690 1482 1791
719 1417 898 1496 confectus,
934 1416 989 1502 qui
1019 1417 1165 1482 codicem
1189 1440 1251 1483 no-

128 1538 230 1594 strum
256 1551 320 1593 non
347 1527 494 1605 exhibet,
527 1526 613 1592 unde
638 1537 773 1612 apparet
797 1549 871 1591 eum
895 1527 960 1590 iam
981 1536 1054 1591 ante
1075 1525 1165 1591 illum
1191 1550 1251 1590 an-

127 1661 204 1702 num
226 1637 355 1724 Augias
377 1658 441 1701 non
463 1636 600 1721 amplius
622 1635 795 1701 exstitisse.
829 1633 896 1700 Sed
916 1636 1011 1700 huius
1032 1635 1105 1700 libri
1133 1658 1251 1702 manu-

129 1747 241 1833 scripti
262 1748 326 1811 iam
352 1768 435 1811 anno
457 1748 518 1810 822
546 1745 738 1811 mentionem
755 1744 873 1810 factam
890 1766 961 1811 esse
985 1745 1159 1810 verisimile
1183 1757 1250 1824 est;

129 1857 258 1922 namin
280 1855 425 1942 catalogo
450 1854 607 1920 librorum
628 1855 811 1920 monasterii
835 1852 1150 1921 Sintleozes-Auvae
1173 1878 1252 1922 con·

131 1966 252 2052 scripto
268 1988 352 2030 anno
366 1964 452 2031 VIII
472 1964 641 2049 imperiis
661 1963 830 2030 Ludovico
852 1966 993 2051 suscepti
1013 1963 1096 2030 liber
1117 1966 1253 2050 quidam

129 2074 180 2140 his
196 2073 303 2141 verbis
317 2073 494 2140 indicatur:
518 2078 575 2154 „io
590 2076 817 2140 ecclesiasticen
833 2078 1085 2152 commeatoriar,
1101 2077 1184 2140 liber
1194 2076 1255 2140 Ι.”

130 2185 229 2270 (conf.
244 2183 400 2272 Neapert.
422 2182 497 2250 hist.
514 2185 612 2272 episc.
630 2181 800 2250 Constant.
814 2183 843 2248 I.
857 2207 890 2270 p.
906 2186 992 2266 537).
1022 2181 1107 2249 Cum
1127 2184 1158 2248 is
1180 2185 1254 2272 ipse

129 2294 170 2359 de
191 2317 255 2380 quo
276 2293 402 2381 agimus
418 2295 522 2360 codex
543 2293 628 2358 hunc
649 2294 910 2360 commentarium
928 2294 1088 2372 exhibeat,
1108 2316 1176 2359 non
1191 2295 1253 2360 du-

128 2401 218 2472 bium
233 2403 371 2480 videtur,
395 2403 473 2488 quin
492 2403 579 2467 idem
600 2402 787 2491 designatus
811 2403 861 2468 sit.
884 2400 951 2468 Sed
966 2404 1029 2468 iam
1043 2403 1130 2469 unde
1143 2405 1179 2468 in
1194 2405 1255 2470 has

129 2534 202 2582 oras
218 2510 393 2578 translatus
409 2511 461 2588 sit,
483 2510 657 2576 videamus.
684 2511 754 2576 Iam
776 2535 873 2599 supra
896 2513 1035 2578 diximus
1058 2513 1254 2599 scripturam

128 2618 392 2707 langobardicam
420 2640 500 2687 esse.
537 2620 649 2707 Itaque
676 2622 830 2688 coniiccre
857 2622 933 2689 licet
957 2621 1075 2687 librum
1101 2622 1189 2689 hunc
1212 2647 1255 2690 ex

128 2729 224 2795 Italia
247 2730 403 2816 superiori
424 2730 568 2819 Augiam
590 2732 731 2810 allatum,
753 2730 1022 2816 quandoquidem,
1044 2741 1080 2796 ut
1100 2731 1172 2817 ipse
1197 2756 1253 2800 ca-

130 2841 256 2927 talogus
283 2840 337 2910 ille
366 2840 606 2925 antiquissimus
635 2852 779 2918 testatur,
807 2840 841 2905 in
869 2841 1060 2906 monasterio
1087 2841 1255 2928 Augiensi

131 2949 270 3036 scriptus
285 2956 357 3015 'non
380 2962 428 3016 est
451 2950 623 3039 (Neaport.
645 2951 666 3016 l.
689 2952 721 3016 d.
743 2975 775 3037 p.
799 2949 888 3037 545).

174 3057 281 3142 Quam
308 3061 499 3129 sententiam
526 3061 668 3126 maxime
701 3061 890 3131 confirmant
922 3083 1005 3145 quae
1032 3060 1072 3127 de
1100 3061 1256 3151 Eginone

129 3169 309 3237 Veronensi
336 3171 486 3257 episcopo
511 3181 693 3236 narrantur.
726 3170 791 3236 Hic
818 3171 903 3234 enim
931 3193 972 3236 ex
993 3170 1256 3238 Alamannorum

131 3291 227 3368 gente
248 3291 349 3358 ortus,
372 3281 415 3345 ad
436 3279 653 3346 monachicam
669 3279 766 3346 vitam
781 3302 940 3357 reversus,
963 3279 1106 3367 Augiam
1121 3303 1157 3346 se
1175 3304 1256 3347 con·

131 3390 214 3469 tulit,
237 3389 387 3455 abbatem
408 3399 567 3474 precatus,
589 3399 625 3453 ut
645 3389 679 3452 in
702 3389 813 3454 eadem
836 3390 941 3455 insula
961 3390 1128 3456 habitandi
1148 3391 1256 3459 facul-

133 3496 231 3567 tatem
264 3498 325 3565 sibi
357 3499 561 3576 concederet3
595 3520 659 3583 qua
690 3499 861 3585 impetrata
890 3500 1034 3565 cellulam
1063 3503 1257 3582 construxit,

131 3633 228 3697 quam
248 3618 279 3675 et
300 3609 495 3675 ornamentis
516 3617 548 3672 et
566 3607 656 3674 libris
679 3608 904 3675 ecclesiasticis
918 3609 1128 3694 locupletavit
1149 3611 1258 3696 (conf.

131 3721 235 3786 Perta.
248 3741 388 3783 monum.
400 3717 475 3783 hist.
488 3740 588 3803 germ.
600 3716 639 3782 Τ.
648 3717 708 3783 VI.
720 3743 752 3807 p.
759 3720 822 3785 450
834 3730 866 3783 et
877 3718 1186 3808 Qucllearammlany
1198 3726 1259 3788 der

133 3830 302 3895 bcdircbea
313 3827 627 3913 Lendeopeecbicbte,
648 3828 817 3893 endne.
837 3829 876 3893 Τ.
895 3827 921 3893 Ι.
938 3852 971 3915 p.
991 3831 1143 3916 tte-63).
1168 3830 1259 3899 Prae

132 3939 202 4005 aliis
212 3936 314 4016 libris,
331 3937 386 4022 qui
399 3936 576 4001 doctrinam
589 3959 711 4003 sacram
722 3959 909 4023 promovere
919 3939 1125 4023 putabantur,
1136 3964 1259 4029 magno

133 4048 165 4114 in
194 4046 311 4113 honore
339 4046 536 4114 habebantur
564 4046 617 4112 illo
645 4070 724 4113 aevo
753 4046 944 4131 Hieronymi
974 4050 1192 4116 commentarii
1221 4051 1258 4118 in
