2760 4734
127 1994 307 2069 collatum
333 1992 544 2092 gratissimo
575 1993 699 2067 animo
733 1993 880 2091 publice
905 1993 1121 2067 testandum
1145 2002 1249 2068 ratus
1354 1972 1357 1977 ’

126 2147 231 2220 huno
257 2143 358 2219 TlBI
382 2145 520 2220 librum
545 2145 599 2218 ita
630 2143 877 2218 dedicandum
911 2169 993 2218 esse
1024 2145 1165 2242 putavi,
1196 2154 1249 2236 ut,

128 2298 307 2398 quioquid
331 2298 501 2372 utilitatis
526 2297 614 2371 inde
641 2298 689 2371 ad
711 2299 934 2397 optimarum
949 2297 1158 2371 litterarum
1175 2307 1250 2370 stu·

128 2449 194 2523 dia
216 2448 511 2525 redundaturum
537 2459 645 2541 esset,
670 2450 711 2523 id
727 2420 870 2524 TUAE‘
885 2450 1107 2524 humanitati
1124 2448 1251 2524 deberi

126 2602 250 2685 libens
276 2603 478 2700 profiterer.
504 2600 585 2676 Hac
603 2612 727 2676 autem
745 2602 870 2676 oblata
886 2601 978 2675 mihi
1003 2610 1152 2700 gratum
1173 2601 1249 2674 ani-

127 2778 232 2828 mum
254 2753 355 2827 ΤΙΒΙ
380 2754 603 2828 testificandi
630 2755 906 2854 opportunitate
932 2754 986 2827 ita
1009 2754 1066 2826 uti
1091 2753 1183 2826 mihi
1207 2753 1248 2826 li-

129 2915 222 2997 ceat,
248 2914 291 2980 ut
317 2915 354 2979 et
380 2906 537 2980 aliarum
561 2907 742 2981 virtutum
768 2903 991 2998 TUARUM,
1027 2929 1119 3003 quas
1144 2929 1248 3003 prae·

130 3082 217 3132 sens
252 3068 438 3156 spectator
469 3037 673 3132 admiratus
707 3083 800 3152 sum,
834 3070 872 3133 et
903 3055 1179 3158 praeolarorum
1209 3057 1250 3130 in

128 3211 257 3284 literas
294 3211 529 3302 meritorum,
568 3234 663 3308 quae
696 3211 895 3309 unicuique
928 3220 1074 3310 patent,
1116 3209 1249 3284 laudes

129 3364 229 3437 iusta
245 3363 520 3462 praedicatione
539 3387 731 3462 exsequar.
759 3361 827 3436 TU
842 3364 957 3462 igitur
975 3363 1157 3462 singulari
1173 3341 1248 3462 {rie-

128 3526 217 3609 tate,
245 3542 338 3614 quae
365 3541 494 3592 omnes
516 3515 646 3591 laudes
663 3517 776 3615 longe
795 3526 956 3616 superat,
982 3527 1156 3614 postuma
1172 3541 1248 3589 mo·

107 3670 335 3743 -naohorum
362 3666 398 3744 S.
424 3669 551 3762 Blasii,
585 3670 647 3766 qui
681 3669 851 3743 coenobii
878 3666 913 3743 S.
941 3667 1050 3744 Pauli
1075 3671 1137 3743 vel
1164 3693 1248 3742 oon·

130 3821 268 3902 ditores
295 3822 357 3896 vel
381 3823 613 3896 restitutores
641 3822 874 3914 exstiterunt,
908 3847 1021 3921 opera
1048 3831 1112 3894 aut
1137 3817 1247 3893 IPSE

129 3974 369 4048 edidisti-aut
399 3967 480 4048 aliis
513 3974 657 4049 edenda
687 3975 913 4050 mandavisti
948 3973 1247 4072 edendorumque

127 4127 319 4225 professus
352 4153 390 4201 es
419 4126 481 4200 TE
509 4128 715 4202 adiutorem
746 4129 835 4203 fore.
874 4127 1004 4226 Itaque
1030 4125 1142 4202 TUIS
1174 4129 1248 4201 iam
