2760 4734
273 1392 674 1512 ANDREAS
711 1391 1094 1511 PERTHES
1228 1531 1232 1535 .

562 1622 804 1697 LEOTURIS

667 1825 701 1899 S.

70 2107 89 2117 ”
126 2053 238 2188 Cum
266 2125 351 2186 ante
377 2113 447 2197 hos
474 2121 648 2206 quattuor
679 2136 797 2185 annos
829 2112 989 2208 primum
1016 2111 1114 2183 Plini
1140 2125 1245 2186 netu·

125 2289 188 2338 rae
219 2265 458 2337 historiarum
489 2263 665 2335 volumen
698 2258 773 2335 Iuli
804 2256 927 2357 Sillipi
959 2263 1057 2335 euris
1088 2264 1245 2360 perpoli-

125 2426 206 2488 tum
223 2416 262 2487 in
280 2413 664 2512 publicumprodiret,
690 2439 766 2486 non
784 2414 962 2511 putabam
980 2438 1050 2511 ego
1076 2416 1166 2506 fore,
1193 2427 1245 2506 ut,

127 2589 212 2638 cum
237 2566 316 2662 ipse
336 2561 502 2662 Silligius
530 2566 633 2662 operi
649 2566 839 2661 praefatus
859 2575 966 2656 esset,
993 2567 1085 2637 mihi
1109 2566 1247 2662 epilogi

126 2726 251 2814 partes
270 2726 395 2789 essent
413 2715 678 2812 suscipiendae.
706 2714 755 2787 Et
778 2717 830 2827 sic
847 2726 972 2789 tamen
990 2717 1141 2788 voluere
1159 2717 1247 2831 fata:

126 2863 222 2938 Nam
247 2888 332 2938 oum
357 2876 444 2963 post
469 2867 574 2939 varia
590 2866 835 2957 incommoda,
864 2867 1084 2962 quibuscum
1102 2863 1246 2963 Silligio

127 3013 414 3089 conflictandum
439 3017 522 3106 fuit,
547 3016 699 3088 tandem
725 3016 872 3112 placide
896 3027 1015 3088 morte
1042 3017 1100 3088 his
1125 3027 1245 3089 terrae

125 3167 284 3239 miseriis
321 3167 524 3263 eriperetur
555 3167 614 3238 die
646 3165 737 3238 XIII
768 3168 905 3238 mensis
937 3166 1100 3239 Ianuarii
1135 3168 1245 3238 huius

128 3316 226 3406 anni,
253 3317 460 3413 contigerat
477 3317 626 3413 quidem
644 3319 688 3408 ei,
715 3329 767 3407 ut,
792 3317 891 3414 quod
909 3318 1069 3389 maxime
1086 3318 1125 3388 in
1144 3327 1245 3413 opta·

127 3467 176 3538 tis
202 3467 341 3558 habuit,
368 3467 468 3540 Plini
491 3477 617 3542 textus
643 3471 906 3558 recensionem,
941 3494 1016 3565 qua
1047 3492 1134 3541 suae
1160 3478 1247 3562 post

75 3632 83 3646 ·
127 3629 284 3690 mortem
313 3619 435 3691 famae
467 3622 737 3709 consuleretur,
774 3622 979 3692 confectam
1010 3621 1245 3714 relinqueret,
1330 3630 1333 3640 “

128 3769 193 3840 sed
216 3765 387 3840 nondum
412 3779 534 3842 temen
563 3771 697 3861 omnia,
725 3771 858 3866 quibus
882 3772 973 3844 haec
990 3772 1245 3844 absolveretur

127 3917 250 4007 editi0,
277 3920 441 4016 perfecta
458 3931 574 4012 erant,
602 3944 813 4018 quanquam
830 3898 990 4019 pldrima
1007 3923 1088 4018 ipso
1108 3920 1245 3991 sciente

129 4094 170 4142 ac
196 4071 378 4181 probante
405 4071 578 4144 inchoata
605 4083 712 4145 erant
737 4085 802 4146 aut
835 4074 965 4146 saltem
996 4073 1156 4169 provisa.
1188 4069 1244 4143 De

127 4222 261 4315 quibus
288 4221 462 4321 deinceps
488 4233 598 4319 atque
625 4223 753 4297 ordine
781 4224 909 4297 dicam.
