2760 4734
125 322 230 365 xxxrv
562 308 807 371 1110114οη11.

125 474 215 535 vinae
230 491 262 554 p.
280 470 331 545 60,
347 471 378 546 2,
401 469 591 553 vitariyiaco
613 488 644 552 p.
662 471 733 545 187,
751 472 780 544 7,
802 472 883 533 virio
907 468 1022 555 (vibio)
1045 491 1077 555 p.
1101 473 1180 548 226,
1203 473 1253 551 12,

126 581 368 665 subvemefactio
390 599 422 662 p.
447 578 519 653 205,
542 578 591 641 19.
1064 658 1069 671 .

168 690 220 754 Ex
243 689 293 753 his
316 710 397 772 quae
420 685 582 751 attulimus
604 686 759 771 exemplis
781 687 865 753 clare
881 699 1015 774 apparet
1034 672 1105 755 illas
1128 691 1253 757 formas

125 825 190 866 non
205 799 332 865 omnino
347 819 405 882 pro
420 794 564 880 lapsibus
579 797 692 861 calami
706 797 870 863 habendas
885 820 966 876 esse,
989 799 1143 881 quoniam
1159 812 1251 867 tena-

46 894 48 900 '
125 911 251 975 cissime
273 915 471 994 repetuntur,
499 927 581 988 quae
604 904 733 989 quidem
760 907 794 970 in
816 907 984 974 scribendo
1006 911 1188 975 constantia
1210 910 1251 975 ab

126 1017 287 1086 erroribus
310 1015 432 1103 passim
454 1015 557 1081 obviis
571 1014 667 1102 longe
683 1014 810 1081 diversa
828 1028 886 1081 est.
908 1016 980 1083 Non
997 1018 1082 1083 enim
1097 1042 1140 1085 ex
1154 1021 1249 1108 igno·

125 1130 232 1195 rantia
246 1127 385 1213 quadam
407 1126 530 1192 romani
551 1126 602 1192 vel
624 1124 740 1189 urbani
762 1127 917 1191 sermonis
932 1128 984 1192 vel
1004 1128 1115 1197 λέξεως
1138 1135 1249 1214 κοινῆς,

125 1241 184 1307 sed
206 1262 278 1305 cum
299 1238 425 1303 delectu
448 1236 587 1320 quodam
607 1235 668 1300 hac
691 1258 749 1300 sua
771 1235 891 1301 rustica
910 1235 1021 1322 lingua
1047 1237 1249 1322 antiquarius

124 1350 287 1427 utebatur,
311 1362 383 1412 oum
405 1368 475 1411 eam
497 1367 561 1410 non
582 1345 700 1430 ubique
723 1344 883 1421 adhibeat,
907 1345 964 1410 sed
985 1369 1094 1412 veram
1109 1350 1249 1434 scriptu-

123 1483 193 1527 ram
214 1458 375 1524 interdum
402 1465 566 1542 sequatur,
593 1466 630 1519 ut
657 1455 737 1519 haec
763 1455 910 1539 exempla
936 1455 1070 1520 docent:
1099 1470 1195 1543 atque
1216 1482 1248 1544 p.

119 1572 250 1649 Ι7210.
279 1569 350 1644 219,
374 1568 403 1629 2.
432 1567 579 1642 241,11,
608 1576 641 1628 11
661 1588 692 1649 p.
717 1567 790 1642 221,
814 1567 843 1640 7,
865 1566 1132 1651 hermaphroditis
1148 1590 1181 1653 p.
1198 1569 1248 1645 71,

125 1683 176 1747 10.
194 1681 243 1744 19.
267 1679 319 1756 72,
336 1678 366 1752 5,
390 1687 490 1740 enatat
513 1697 544 1761 p.
562 1675 700 1752 15413,
724 1677 871 1738 eroiotere
892 1696 925 1758 p.
950 1677 1021 1753 108,
1045 1677 1095 1754 14,
1124 1689 1250 1742 caserta

124 1814 157 1876 p.
174 1791 225 1866 20,
240 1791 271 1865 4,
291 1789 347 1851 aad
361 1808 392 1869 p.
410 1786 503 1863 66,1.
525 1785 599 1861 220,
611 1785 642 1861 3,
658 1787 746 1871 apud
759 1806 791 1867 p.
805 1785 878 1860 218,
892 1785 942 1860 20,
959 1785 1050 1850 aliud
1063 1807 1096 1868 p.
1109 1787 1184 1863 220,
1198 1788 1250 1851 25.

646 2058 723 2142 aa.

372 2201 420 2251 DE
438 2197 655 2250 ARCHETYPO
672 2197 826 2260 EIUSQUE
843 2199 997 2250 AETATE.

180 2331 210 2395 Ε
239 2329 364 2410 codice,
399 2353 494 2415 quem
524 2327 696 2408 habemus,
732 2329 876 2395 conicere
909 2328 1002 2394 nobis
1035 2329 1130 2406 licet,
1166 2353 1252 2415 quae

126 2443 160 2507 in
189 2440 362 2527 archetypo
389 2439 485 2504 fuerit
513 2439 703 2526 paginarum
732 2449 764 2505 41
787 2439 908 2505 formae
937 2439 1027 2519 ratio,
1056 2441 1253 2524 quoniame

124 2552 289 2618 literarum
309 2549 500 2614 emissarum
516 2571 650 2614 numero
671 2548 792 2633 liquido
814 2560 939 2616 constat
961 2548 1179 2635 antiquarium
1201 2551 1255 2617 vel

124 2684 225 2729 unum
246 2659 298 2726 141
319 2658 498 2744 complures
520 2682 631 2725 vorsus
654 2660 820 2745 archetypi
847 2660 1048 2746 praeterisse,
1079 2661 1164 2726 conf.
1189 2666 1204 2748 ξ
1222 2667 1252 2729 7.

125 2797 157 2859 p.
175 2793 269 2836 xxm.
298 2767 516 2851 Quamobrem
537 2769 819 2848 dinumeravimus,
842 2780 920 2854 quot
936 2769 1047 2837 literae
1066 2770 1118 2836 vel
1138 2773 1255 2840 arche·

126 2882 197 2968 typi
218 2881 322 2946 lineae
343 2901 361 2944 4
383 2879 589 2965 palimpsesto
611 2878 847 2945 interciderint:

189 2991 364 3057 201iterae
385 2990 436 3056 vel
458 2990 624 3077 archetypi
647 3012 760 3055 versus
784 2991 800 3053 1
825 2989 981 3055 omittitur
1002 3013 1034 3076 p.
1057 2993 1109 3068 91,
1131 2994 1163 3057 2.

189 3103 231 3166 20
294 3149 315 3178 11
402 3148 422 3177 11
530 3148 549 3179 11
693 3147 713 3176 11
780 3101 797 3163 1
886 3149 905 3177 11
999 3123 1031 3187 P·
1055 3101 1128 3180 1552
1152 3104 1208 3170 20·

189 3212 230 3275 11
295 3257 316 3288 ,,
403 3257 423 3287 ,,
886 3257 907 3288 .,
1000 3232 1032 3295 p.
1058 3212 1163 3288 111.

190 3321 230 3384 22
296 3367 315 3397 11
401 3367 421 3398 11
528 3366 549 3398 11
886 3367 906 3398 11
1000 3343 1034 3407 P·
1056 3320 1127 3398 129,
1152 3325 1186 3388 2·

190 3429 231 3493 ²3
295 3478 317 3508 11
404 3477 425 3506 11
532 3475 553 3506 11
888 3477 909 3508 11
1001 3453 1033 3518 P·
1057 3431 1130 3507 239,
1154 3434 1209 3498 12·

189 3540 232 3603 24
295 3587 316 3615 11
403 3586 423 3616 11
531 3585 552 3616 11
886 3587 907 3616 11
999 3561 1032 3624 P·
1056 3541 1129 3619 1141
1152 3543 1209 3609 21·

190 3648 232 3712 24
296 3697 317 3726 11
403 3696 423 3725 11
530 3695 551 3725 11
887 3695 908 3726 11
1001 3671 1034 3734 P·
1055 3651 1108 3728 361
1132 3653 1186 3718 12·

190 3759 232 3821 24
297 3805 316 3834 11
414 3805 422 3833 1
530 3805 550 3836 11
883 3805 903 3836 11
996 3781 1029 3844 P·
1053 3760 1127 3839 2511
1152 3763 1208 3830 11·

78 3915 81 3920 ·
191 3869 231 3932 15
296 3914 316 3945 11
403 3914 423 3944 11
530 3915 550 3943 11
886 3915 906 3945 11
998 3892 1030 3954 P·
1054 3870 1107 3949 971
1130 3872 1160 3934 9·

191 3978 232 4041 26
297 4025 317 4055 11
405 4024 425 4053 11
533 4024 553 4054 11
887 4025 907 4054 11
1000 3999 1032 4063 P·
1057 3980 1129 4057 1731
1153 3983 1208 4049 18·

191 4088 231 4152 28
297 4135 318 4165 11
405 4135 425 4164 11
533 4134 553 4164 11
885 4135 906 4164 11
1000 4109 1033 4172 P·
1056 4090 1108 4167 25,
1131 4092 1161 4154 9·

695 4135 714 4164 :2
695 4025 714 4056 ξ
693 3915 714 3944 ζ
694 3805 713 3834 :2
695 3695 716 3726 ξ
694 3586 715 3616 3
695 3477 716 3506 ξ
692 3365 714 3395 2:
694 3257 714 3287 ξ

778 3213 799 4150 μ-Δρ-ιι-Αι-Αμ-Αι-ιμι-ΑΗ
