2760 4734
170 255 213 320 84
314 249 319 257 ’
661 275 802 317 aaouom

204 423 269 475 Car.
286 423 361 474 XIII.
375 421 433 486 [57,
448 423 507 486 164]
526 424 612 474 Pretia
628 423 679 472 eius
694 422 803 474 XXIII
813 423 838 472 in
855 422 941 483 libras,
962 421 1064 472 coeunt
1077 423 1195 488 XVIII]
1214 427 1292 478 Voss.

168 507 267 570 praetia
282 507 331 556 eius
346 508 410 558 XX
422 508 447 556 in
464 507 526 556 libra
541 507 644 557 caerulei
657 508 690 557 X
695 507 767 558 Vffl.
792 508 873 570 Lege:
893 505 980 556 Pretia
996 506 1046 555 eius
1066 508 1099 558 X
1116 509 1149 558 X
1165 509 1190 557 in
1210 509 1293 572 irbr'as,

171 590 272 640 coerulei
281 591 316 642 X
329 590 404 652 VIII,
423 592 474 640 hoc
486 599 531 653 eat,
544 591 640 641 denarii
649 590 734 653 decem,
748 601 773 642 et
784 590 880 640 denarii
889 599 948 640 octo.

208 672 271 736 [Ib.]
298 674 407 722 Accessit
427 683 449 722 et
469 674 650 739 Nestorianum]
677 676 753 726 Voss.
771 683 798 725 et
812 677 936 725 Academ.
959 675 1130 725 Vestorianum.
1156 677 1293 728 Vestorius

172 758 301 809 Ciceronis
318 759 414 808 amicus
429 760 456 807 in
475 760 587 823 epistolis
605 762 637 809 ed
654 761 769 809 Atticam
783 757 819 821 [4,
833 766 857 809 6.
870 768 942 820 exta,
962 765 1000 809 16.
1014 757 1093 821 med]
1111 769 1137 809 st
1156 762 1183 808 in
1200 768 1292 812 octavo

172 840 209 904 [6,
219 849 242 893 8.
252 841 319 904 inin]
331 843 493 893 familiarium
505 859 521 892 a
531 844 620 894 Caelio
632 844 783 907 appellatur.
800 842 851 892 Vel
863 844 904 892 hic
915 842 955 892 vel
967 844 1043 902 huius
1054 843 1190 906 gentilica
1201 854 1293 895 auctor

170 927 228 976 fnit.
246 927 378 977 Vitruvius
394 928 440 976 lib.
459 929 482 987 7,
504 934 546 977 ll:
566 924 676 976 Oacrulei
691 927 867 989 temperatrbnes
881 927 984 990 primum
1000 925 1168 976 Alexandriae
1183 935 1237 977 sunt
1256 930 1293 978 in·

171 1017 266 1072 uentae,·
279 1018 364 1074 posteo
375 1008 435 1059 idern
454 1009 574 1060 Vestorius
585 1009 693 1060 Puteolis
704 1009 807 1058 instituit
816 1008 966 1068 faciendum.

206 1092 268 1155 [Ib.]
282 1094 424 1142 Pretium'
401 1109 450 1142 erus
459 1095 536 1145 XL'
525 1111 549 1143 rn
562 1092 648 1157 libras]
662 1095 738 1144 Voss.
751 1095 784 1144 X
789 1110 803 1148 1
812 1095 871 1155 hoc,
883 1103 929 1154 est,
942 1093 1055 1143 denarius
1066 1111 1132 1145 muts.
1152 1096 1195 1146 Sic
1206 1068 1292 1160 accipe

172 1193 235 1227 mox
247 1192 360 1240 quoque
373 1178 438 1226 cuius
447 1178 549 1242 pretium
562 1179 596 1228 X
611 1176 683 1228 VII'
672 1195 698 1227 m
709 1176 792 1227 libras.
811 1179 862 1227 hoc
874 1187 919 1238 est,
932 1177 1028 1227 denarii
1038 1187 1132 1242 septem
1150 1179 1292 1244 Utrobique

172 1268 257 1311 autem
270 1263 363 1311 absunt
374 1262 525 1313 Vossiano'
515 1279 540 1310 cn
553 1261 634 1312 libros.

207 1342 269 1406 [Ib.]
287 1344 355 1394 Idem
367 1353 389 1394 et
401 1345 530 1396 Puteolani
539 1363 601 1408 usus,
610 1354 779 1411 praeterquam
796 1345 831 1394 ad
838 1345 976 1410 scrurtras]
996 1348 1072 1397 Voss.
1084 1347 1204 1408 Pintiani,
1221 1348 1291 1397 Man.

173 1428 240 1478 Gud.
256 1437 401 1492 praeterque
413 1429 449 1478 ad
456 1431 588 1493 fenestras.
612 1430 655 1481 Sic
666 1431 734 1479 enim
746 1438 815 1479 amat
827 1431 905 1493 loqui,
920 1437 1071 1493 praeterque,
1087 1445 1133 1494 pro
1150 1437 1174 1478 et
1187 1429 1292 1492 imuper.

172 1510 215 1561 sic
227 1512 270 1560 lib.
285 1517 307 1572 9,
322 1519 336 1561 2
351 1511 385 1575 [1,
399 1511 439 1575 8]:
452 1521 478 1561 ut
489 1531 547 1562 vera
556 1514 609 1575 fiat
624 1513 690 1577 uulqr‘
704 1513 790 1576 opinio,
807 1511 921 1576 quicquid
936 1521 1049 1562 nascatur
1064 1514 1090 1562 in
1104 1520 1175 1576 parte
1191 1520 1292 1562 natum

168 1593 229 1654 ulla,
246 1602 268 1642 et
279 1595 305 1642 in
315 1596 447 1658 meriture,
465 1606 608 1661 praeterque
620 1596 702 1658 multa,
720 1612 782 1659 quae
798 1612 913 1658 nusquam
925 1595 993 1647 alibi.
1012 1597 1055 1647 lib.
1068 1604 1109 1656 23,
1122 1602 1137 1646 8
1151 1594 1204 1658 [78,
1217 1593 1292 1657 150]:

171 1678 282 1727 Pistacia
293 1678 382 1727 cosdem
395 1696 451 1728 usus
463 1679 549 1729 babent
559 1697 617 1742 quos
627 1680 704 1729 nuclei
716 1680 790 1743 pinei,
804 1688 948 1743 praeterque
960 1679 994 1729 ud
1004 1680 1144 1743 serpentium
1161 1680 1228 1741 icum,
1243 1680 1293 1730 siue

172 1761 281 1824 edantur,
297 1763 345 1812 siue
357 1763 473 1814 bibantur.
490 1765 535 1814 lib.
548 1769 589 1825 29,
603 1750 684 1827 5[33,
700 1761 772 1825 105]ε
789 1761 832 1811 Ius
843 1779 873 1810 er
884 1779 955 1812 carne
967 1764 1068 1813 arietum
1081 1764 1196 1827 priuatim
1207 1761 1293 1812 aduer-

171 1864 212 1896 sus
223 1847 389 1910 cantharidas,
406 1848 461 1898 item
477 1847 515 1898 lua
531 1849 608 1896 auium
619 1845 739 1908 calidum·
752 1855 895 1910 praeterque
907 1846 952 1908 bes,
969 1849 1011 1910 qui
1028 1849 1145 1912 buprestin
1156 1855 1200 1897 aut
1211 1848 1292 1896 aconi-

174 1940 221 1980 tum
237 1932 343 1980 biberint.
367 1933 410 1983 Sic
421 1933 565 1982 Vossianus
577 1940 602 1982 et
612 1933 724 1982 Pintiani
741 1933 850 1980 codices.
874 1931 917 1980 lib.
931 1938 972 1992 38,
985 1937 1000 1979 2
1014 1929 1067 1994 [10‚
1080 1930 1137 1994 er:
1153 1940 1293 1995 praeterque

172 2014 283 2064 armillas
299 2016 388 2064 cluibus
403 2014 496 2077 dedere,
514 2032 575 2078 quas
591 2031 637 2063 non
654 2014 741 2063 babent
755 2014 854 2064 externi.
872 2015 916 2063 lib.
929 2021 961 2064 ut
975 2013 1029 2076 [18,
1042 2021 1082 2076 54,
1098 2013 1171 2078 176]ε
1189 2015 1232 2066 Vis
1243 2015 1293 2063 eires

174 2098 255 2147 eadem
267 2116 328 2161 quae
339 2115 414 2162 supra
426 2097 502 2160 ductes,
515 2098 634 2147 leuissima
647 2107 723 2147 tomen
735 2114 765 2146 ex
775 2098 886 2160 oneribus,
901 2106 1045 2161 praeterque
1056 2097 1092 2148 ad
1101 2097 1225 2148 candorem
1235 2098 1293 2160 foe-

173 2183 298 2233 minarum.
321 2184 363 2232 lib.
381 2190 427 2244 ³8,
441 2190 455 2234 8
469 2181 563 2246 [Leges
580 2189 621 2245 55,
634 2189 658 2244 8,
671 2189 713 2244 34,
727 2180 784 2245 57]ε
809 2182 887 2232 Venas
900 2181 1012 2244 protulit,
1032 2189 1172 2245 praeterque
1189 2181 1214 2230 ia
1231 2191 1296 2231 uesta

174 2274 196 2314 et
208 2282 281 2329 ruqos
294 2274 316 2315 et
326 2266 392 2315 sinus
403 2266 498 2316 invenit.

533 2465 599 2568 nn
621 2465 740 2531 amn.
763 2465 937 2532 xxxiv.
989 2545 992 2551 ,

209 2606 409 2669 Csr.1.[init.]
432 2605 469 2654 Et
487 2607 607 2656 aerarium
628 2615 651 2655 et
670 2606 779 2656 obaerati
797 2607 829 2654 ab
849 2622 904 2655 cere
924 2605 994 2669 dica]
1019 2607 1147 2657 Vossiana
1166 2608 1294 2670 quantivis

174 2693 248 2754 pretii
264 2693 353 2741 lectior
371 2690 538 2751 staurarium,
555 2690 669 2749 obaerati,
687 2706 742 2739 aere
759 2689 841 2740 diruti.
868 2691 959 2740 Festus
976 2689 1017 2753 [4,
1035 2695 1076 2740 52.
1093 2704 1117 2754 p.
1136 2695 1176 2740 69.
1193 2688 1292 2751 usui:

173 2773 286 2821 Dirutum
299 2789 354 2821 aere
370 2772 465 2820 militem
483 2772 598 2832 dicebant,
614 2774 653 2822 cui
666 2771 806 2836 stipendium
823 2773 966 2836 iqnomr'nisae
982 2789 1057 2822 causa
1072 2789 1118 2822 non
1135 2781 1188 2823 erat
1203 2771 1293 2822 datum.

174 2855 238 2919 quod
248 2874 288 2906 aes
300 2856 438 2905 diruebatur
449 2856 474 2905 in
483 2855 579 2918 fiscum,
592 2872 637 2904 non
650 2856 675 2904 in
687 2855 769 2905 militis
780 2857 906 2906 sacculum.

210 2940 272 3004 [Iu]
290 2940 327 2992 Et
343 2941 395 2990 alia
411 2956 473 3004 quae
488 2948 591 2990 uetustas
608 2937 710 2989 tradidit
726 2957 778 2988 cum
795 2940 930 3004 aequalem]
949 2941 996 2990 His
1013 2942 1040 2989 in
1057 2940 1140 2990 verbio
1152 2938 1183 2989 τὸ
1195 2956 1257 3003 quae
1269 2949 1296 2989 et

174 3021 207 3072 τὰ
225 3024 326 3074 tradidit
340 3041 391 3074 cum
408 3041 455 3076 nac
472 3026 614 3076 Vossianus
630 3039 679 3073 nec
694 3025 826 3074 Gudianus
842 3039 888 3074 nee
904 3023 1040 3087 Menapius
1060 3036 1108 3072 nee
1124 3024 1295 3074 Academicus

175 3120 323 3171 agnoscunt.
342 3111 436 3160 Omnia
447 3119 514 3160 recta
525 3112 663 3170 habebant,
680 3109 701 3159 si
719 3107 827 3157 declarat
841 3108 920 3158 iacias
938 3123 984 3172 pro
997 3106 1137 3156 declararet.
1156 3107 1295 3168 Drusinae,

174 3194 262 3256 inquit,
280 3192 393 3255 quamdiu
407 3193 508 3258 populus
519 3193 644 3242 Romanus
660 3208 715 3240 aere
733 3200 822 3240 tanturn
839 3192 932 3255 siqnatc
949 3207 1005 3240 usus
1015 3190 1054 3241 sit.
1072 3189 1124 3241 Sed
1134 3199 1157 3238 et
1167 3190 1220 3240 alia
1231 3199 1295 3238 uetu-

174 3283 225 3323 stas
237 3276 358 3337 aequalem
370 3278 425 3326 urbi
434 3278 598 3326 auctoritatem
610 3277 660 3325 eius
671 3273 786 3335 declarat,
804 3291 821 3322 a
833 3291 888 3339 rcqe
900 3274 983 3325 Numa
994 3273 1091 3338 colleqio
1108 3274 1174 3321 tertio
1186 3273 1295 3320 aerario·

175 3375 226 3406 rum
236 3360 338 3421 sobrium
351 3360 466 3409 instituto.

210 3442 274 3493 Cur.
291 3442 326 3490 11.
346 3440 386 3502 [5,
406 3440 449 3502 10]
468 3441 518 3491 Hic
533 3451 568 3490 est
584 3441 706 3505 exemplar
720 3441 855 3504 Aeqinetici
871 3439 947 3502 aeris]
965 3442 1042 3491 Voss.
1061 3442 1160 3491 melius:
1179 3440 1233 3489 Hoc
1249 3440 1297 3487 erit

175 3526 296 3590 exemplar
307 3525 440 3589 Arpinetici
450 3527 521 3574 aeris.
568 3521 580 3531 ’

211 3609 273 3674 [Iu]
291 3608 427 3658 Aemulatio
444 3617 522 3658 autem
539 3618 561 3658 et
576 3611 600 3658 in
616 3610 718 3659 materia
727 3609 792 3674 suit]
815 3611 891 3663 Voss.
908 3608 1035 3658 aemulatio
1052 3608 1082 3657 lis
1098 3616 1121 3656 et
1135 3607 1168 3656 in.
1195 3608 1294 3659 Scribe:

175 3694 311 3743 Aemulatio
328 3693 359 3742 iis
375 3702 397 3742 et
412 3693 438 3742 in
454 3694 555 3742 materia
564 3693 624 3756 suit.
647 3695 779 3757 Polycleto
796 3703 822 3743 et
832 3695 943 3756 Myroni
966 3690 997 3742 τὸ
1015 3700 1091 3741 autem
1109 3693 1177 3742 delet
1193 3700 1219 3740 et
1235 3693 1296 3741 Pin-

121 3827 124 3833 ,
175 3779 266 3828 tianus.

107 3923 110 3928 Α
210 3862 274 3911 Car.
287 3862 334 3912 111.
349 3861 384 3924 [6‚
400 3861 443 3923 ll]
465 3859 588 3925 Clesippus
597 3860 675 3924 sulla]
694 3864 770 3911 Forte
785 3859 915 3924 Ctesrppus.
934 3861 977 3912 sic
992 3859 1115 3922 Ctesrppus
1127 3858 1296 3909 0545115611-

176 3944 225 3997 lius
244 3944 322 4008 [apud
335 3946 430 3996 Athen.
446 3945 505 4009 [IV,
519 3953 559 3996 60.
571 3962 595 4009 p.
611 3951 666 3994 165.
679 3944 722 4006 Ε]
741 3954 767 3994 et
777 3944 896 3995 Herculis
912 3945 963 3993 duo
979 3942 1085 4006 Ctesippi
1101 3943 1154 4003 filii,
1171 3958 1205 3991 ax
1215 3942 1296 3990 Daia-

176 4029 232 4076 nira
250 4028 330 4077 Oenei
346 4039 420 4079 etex
436 4031 588 4094 Astydamia
605 4030 766 4092 Amyntoris,
788 4029 809 4078 si
829 4035 896 4078 recte
912 4029 1008 4091 legitur
1024 4031 1091 4090 apud
1107 4025 1296 4090 Apollodorum

178 4107 224 4170 [II,
238 4114 259 4159 7.
274 4115 288 4158 8
302 4119 328 4160 et
341 4110 393 4173 12],
407 4125 432 4164 et
443 4117 491 4165 nisi
503 4115 586 4179 potius
599 4128 663 4163 unus
676 4122 714 4162 est
727 4110 858 4175 Ctesippus,
874 4126 950 4174 quem
962 4112 1006 4160 alii
1018 4112 1146 4171 Deianira,
1163 4109 1207 4159 alii
1217 4109 1296 4171 Asty·
