2760 4734
515 275 621 319 nonan
636 275 679 319 an
693 275 775 325 uma.
791 275 860 317 xm.
1211 259 1251 321 27

168 425 231 480 Cis.
244 425 318 474 XIV.
335 424 393 486 [tm
410 423 454 486 80]
473 423 581 479 Follente
597 424 674 488 operis
689 423 840 486 ιὀοιιιοοιιο]
866 425 908 483 Sic
924 438 1012 476 omnes
1029 427 1109 479 assai
1125 427 1179 477 sine
1199 426 1252 477 ulla

134 509 284 572 suspicione.
303 510 399 560 Seneca
410 508 469 558 Nat.
487 524 511 572 q.
524 510 540 558 l.
554 513 578 569 3,
596 512 628 559 27
642 506 696 570 [2]:
714 507 814 559 Natura
829 507 864 557 ad
879 507 992 572 oripinem
1004 524 1081 559 rerum
1089 525 1165 575 parce
1177 509 1252 559 utitur

133 591 236 650 viribus,
252 589 419 655 dispensasque
434 607 460 645 aa
477 591 513 653 [se
531 592 626 650 omittit
637 590 746 654 Fickert]
765 591 912 642 asenam
920 591 1069 656 fallentibus.
1092 593 1146 645 ase
1161 594 1252 643 minan·

133 676 259 738 elegantia
274 675 462 729 iurisconsultis
478 675 572 725 alluvio
593 676 685 725 dieitur
708 675 872 724 incrementum
889 673 973 724 latens.
995 676 1100 740 Ineptns
1116 677 1193 740 igitur
1209 676 1252 726 ille

133 760 256 820 libi-eiius,
269 760 312 823 qui
324 760 432 811 subiecit
442 767 591 823 arsamento:
608 767 766 817 neemanim
778 760 801 809 ei
813 760 872 818 fidoi
884 759 992 810 debehat
1003 760 1098 811 habers
1109 761 1250 823 Pintiaum,

79 890 85 901 ¹,
119 847 161 895 ‚ul
172 842 231 891 iudo
243 844 380 893 conticeret
391 849 523 906 aupmento.

166 924 229 975 Gna.
246 926 305 976 XV.
324 924 377 988 [50,
395 923 440 987 66]
459 926 566 990 Frupum
584 924 677 989 quidem
686 924 852 988 fertilissima,
868 924 911 975 aed
925 934 952 976 ut
966 925 1052 991 prope]
1075 919 1110 976 Τὸ
1128 924 1221 990 quidem
1237 944 1252 978 a

132 1006 239 1058 Gelenio
252 1017 298 1071 est,
313 1025 388 1072 prope
406 1025 422 1058 a
436 1009 570 1062 Pintiano:
587 1017 613 1060 st
630 1010 764 1069 confirmet
779 1019 916 1074 utrumque
932 1012 1090 1075 praecipuus.
1109 1011 1160 1062 Sed
1177 1011 1253 1071 idem,

123 1089 292 1154 fertilissimas
308 1101 331 1141 et
349 1100 376 1143 ut
388 1109 471 1157 prope.
490 1094 598 1149 Videtur
615 1093 705 1149 fuisso:
718 1092 819 1158 smpum
831 1092 926 1158 qulam
935 1093 1099 1157 fertilissima,
1117 1101 1170 1143 utut
1176 1110 1253 1159 prope

130 1173 182 1223 aoht
194 1175 224 1223 iis
236 1192 319 1232 carere
327 1176 412 1240 possit.
932 1159 935 1165 .

165 1258 228 1308 eur.
245 1259 320 1309 XVI.
338 1258 391 1322 [59,
410 1258 455 1322 99]
473 1258 500 1309 Ε
517 1258 610 1311 draeo
626 1267 692 1311 stant
707 1260 816 1315 anchusa
831 1259 955 1324 difidentia
972 1259 1035 1324 lipno
1049 1259 1154 1324 cerisque
1168 1258 1252 1309 radice

130 1338 202 1402 apta]
215 1341 257 1391 Sic
266 1342 394 1404 Gelenius,
407 1358 465 1403 aum
477 1351 554 1394 esset:
566 1342 603 1392 Et
613 1359 643 1394 es
654 1343 748 1395 divam
758 1353 826 1394 stans
837 1343 906 1395 anah
918 1343 981 1406 infin.
994 1343 1058 1409 lipno
1069 1344 1174 1408 eamque
1185 1351 1251 1410 apta.
1273 1332 1276 1338 ¹

129 1422 178 1470 Est
193 1432 271 1472 autem
288 1424 367 1474 midos
379 1427 411 1475 eis
423 1426 546 1477 anthemis.
563 1429 696 1479 Pintienus
708 1431 829 1489 audacter
840 1429 928 1480 nimis:
940 1435 966 1485 ut
977 1427 1027 1485 aiut
1038 1443 1109 1492 quam
1121 1442 1251 1492 amomopon

129 1515 222 1566 meant,
233 1514 257 1555 et
267 1508 383 1559 audemia
395 1518 418 1559 et
429 1510 536 1561 anchusa
547 1518 570 1561 et
577 1510 740 1576 phyllanthes:
752 1513 850 1576 reliqua
862 1511 928 1570 falso
939 1511 1035 1565 inserta
1045 1518 1126 1575 putat·
1138 1511 1215 1565 Voti·
1228 1518 1252 1559 02

130 1588 222 1638 disemo
231 1598 296 1639 stant
304 1591 372 1647 anch.
379 1592 422 1655 inst
434 1592 496 1657 lipno
504 1593 610 1656 eamque
617 1593 708 1647 ration
716 1602 775 1659 apta
784 1602 882 1643 estante
890 1593 1021 1649 mitioribus
1030 1593 1144 1643 anthemis
1153 1601 1176 1643 et
1181 1592 1251 1660 phyl-

131 1672 228 1722 lanthes.
252 1675 350 1725 Scribe:
371 1674 398 1723 E
413 1675 506 1723 diusmo
525 1683 574 1725 stat
588 1675 695 1724 anchusa
715 1675 840 1738 inficiendo
857 1675 926 1740 lipno'
937 1677 1043 1741 cerisque
1058 1676 1147 1727 radicis
1164 1686 1251 1741 aptae;

130 1765 195 1807 stant
210 1775 222 1805 e
236 1757 367 1809 mitioribus
383 1757 499 1808 anthemis
515 1766 538 1807 et
548 1758 707 1823 phyllanthes.
726 1759 790 1820 sur,
807 1762 902 1824 inquit,
922 1769 948 1815 st
964 1768 1039 1812 stant:
1055 1777 1116 1811 nam
1138 1762 1250 1809 dixerat:

131 1840 209 1889 caules
224 1840 357 1904 aliquarum
370 1858 416 1905 per
432 1851 520 1891 terram
537 1851 639 1906 serpunt
657 1844 689 1893 In
704 1858 756 1908 quo
773 1844 795 1894 si
811 1859 880 1895 error
892 1852 938 1905 est,
954 1846 1052 1901 auctori
1068 1844 1249 1907 relinquendus

131 1933 176 1976 est.
195 1925 261 1975 Gud.
274 1941 377 1989 quoque
389 1934 415 1977 et
426 1928 476 1977 duo
490 1927 565 1977 Voss.
577 1924 659 1975 radim
670 1935 730 1991 apta
741 1934 776 1975 est
787 1935 842 1976 ante
853 1926 991 1977 mitioribus.
1065 1930 1078 1955 '

167 2007 255 2071 [Ibid]
278 2008 350 2059 Oaale
357 2008 452 2073 foliato
468 2017 503 2059 est
519 2017 542 2059 et
556 2009 631 2074 crepis
648 2018 671 2059 et
681 2009 765 2074 apate]
783 2011 904 2063 Vossiani
916 2011 968 2061 duo
980 2019 1006 2061 st
1017 2010 1159 2068 Gudianus,
1176 2010 1252 2074 crepis

131 2099 154 2139 et
166 2090 230 2142 lotos.
243 2094 340 2154 tertius,
359 2093 437 2158 crepis
452 2101 475 2142 et
491 2092 559 2151 loom.
576 2095 700 2147 Aeedem.
717 2093 794 2158 crepis
811 2102 834 2143 et
851 2093 933 2145 lothes.
952 2094 1050 2156 Scribe,
1062 2093 1138 2159 picris
1151 2101 1173 2142 et
1185 2091 1250 2144 lotos.

131 2192 190 2225 uam
203 2177 396 2241 Theophrastus
408 2178 452 2235 lib.
466 2182 489 2238 t,
506 2183 530 2229 2.
549 2173 594 2226 sal
608 2173 826 2242 ἐπιπαολόφολλα
839 2175 871 2226 δὲ
883 2175 983 2243 mesple,
997 2175 1128 2238 ἀνθέμων
1140 2175 1171 2229 τὸ
1185 2173 1250 2241 pol·

130 2255 229 2319 ludes,
241 2255 335 2318 λωτός.
355 2259 536 2323 [Emendadus
547 2263 612 2311 haee
624 2263 692 2325 apud
707 2260 827 2315 Wimmer.
840 2262 959 2325 leguntur
970 2264 1020 2312 sic:
1033 2257 1250 2324 inrsaoldpolla
1340 2272 1346 2283 ’

129 2339 162 2393 δὲ
178 2337 276 2408 κρηπὶς
292 2336 410 2404 ἄνθεμον
427 2341 458 2402 τὸ
478 2339 621 2408 pallade<
635 2339 724 2401 λωτὸς
738 2338 884 2406 λευκόιον]
903 2345 959 2397 Lib.
977 2351 1003 2394 ol
1019 2359 1074 2409 cup.
1087 2351 1119 2395 22
1133 2342 1186 2406 [31,
1205 2342 1250 2406 66]

129 2433 226 2482 noster:
238 2424 321 2483 Pieris
332 2426 364 2483 ab
375 2425 465 2490 insipni
474 2425 634 2476 amaritudine
645 2425 830 2491 capnomiaatur.
848 2426 923 2476 Lotoa
935 2442 1037 2491 quoque
1047 2427 1190 2481 Piumnus.

164 2509 230 2559 CAP-
250 2509 337 2562 XVII·
360 2507 414 2572 [60.
437 2508 496 2572 100]
514 2509 545 2559 In
563 2509 694 2574 primisque
713 2509 866 2574 heliotropio,
887 2509 998 2575 adianto]
1018 2511 1110 2577 scepei
1131 2519 1250 2575 quatuor:

128 2591 230 2647 adianto
237 2591 313 2655 folia.
331 2593 462 2657 Optimus,
477 2592 577 2647 adianto
592 2592 684 2657 pholia.
703 2594 800 2653 Scribo:
821 2593 966 2660 heliotropio,
983 2593 1091 2658 adianto,
1105 2595 1178 2659 polio.
1191 2611 1251 2647 nam

128 2677 323 2739 Theophrastus
334 2676 379 2727 lib.
393 2680 415 2738 7,
431 2682 469 2735 1⁰·
488 2672 547 2725 ἐπεὶ
561 2673 592 2724 δὲ
605 2671 649 2725 sal
662 2671 707 2729 del
720 2671 810 2740 φύλλα
822 2677 875 2727 τῶν
887 2675 1015 2733 τοιούτων
1029 2674 1103 2735 ἐστὶν
1115 2673 1186 2741 ἔνια,
1205 2694 1249 2729 sa·

128 2756 219 2823 ddnsp
236 2756 267 2811 τὸ
284 2754 377 2811 πόλιον,
394 2755 439 2832 sai
456 2755 487 2811 τι)
500 2756 669 2824 ἡλιοτρόπιον
682 2756 770 2813 καὶτὸ
785 2757 921 2817 ἀδίαντον,
939 2763 974 2820 Et
989 2763 1026 2815 sia
1043 2764 1251 2828 Theophrastum

128 2845 223 2901 habere
234 2844 285 2897 ium
297 2845 420 2904 allevaret
430 2845 464 2897 ad
475 2845 617 2907 marginem
627 2845 818 2909 Daleoampius.

164 2929 228 2985 Cae.
241 2927 343 2981 XVIII.
358 2926 411 2990 [tu
426 2925 486 2991 118]
505 2927 591 2979 Radit
609 2928 724 2977 adverm
738 2929 881 2992 serpentium
898 2928 964 2991 ictus,
979 2929 1126 2993 scorpionum
1140 2946 1251 2993 praeser-

129 3012 179 3072 tim,
192 3009 293 3070 repudio
304 3009 350 3073 est]
368 3012 466 3071 Notaui
478 3027 492 3063 s
504 3013 565 3073 suis,
577 3019 600 3061 et
609 3012 756 3075 scorpionum
765 3012 896 3074 praesenti,
913 3013 1033 3069 Vossiani
1045 3015 1104 3073 duo,
1118 3013 1250 3064 Gudianus

129 3104 156 3145 es
167 3096 337 3151 Academicus
354 3103 383 3155 ut
400 3096 478 3146 etiam
489 3096 621 3153 vetustior
638 3102 664 3143 st
674 3096 798 3145 Pintiani:
815 3103 838 3145 et
848 3094 995 3158 scorpionum
1003 3096 1141 3159 praesentis
1153 3095 1252 3147 remedii

128 3187 172 3230 est.
190 3179 233 3229 Sic
244 3195 318 3243 saepo
328 3187 412 3235 matra
422 3186 541 3242 serpentes
552 3186 575 3226 et
585 3178 725 3243 scorpiones.

164 3264 227 3314 cir.
239 3265 313 3315 XIX.
330 3261 385 3326 [ta
400 3261 459 3325 127]
478 3261 592 3327 Erupant
603 3278 710 3326 corpora
728 3259 801 3312 Folia
812 3261 837 3312 in
848 3269 914 3320 aceto
930 3261 1008 3325 cocta]
1026 3263 1179 3323 Vossianus:
1198 3280 1250 3315 eru·

126 3356 188 3412 pant
203 3363 303 3410 corpora
319 3363 371 3399 cum
378 3346 448 3412 folia
463 3347 490 3404 in
505 3354 570 3403 aceto
586 3355 653 3397 cocta
668 3344 801 3397 mineribus
813 3345 956 3412 inponuntur
966 3347 990 3402 si
1001 3347 1091 3399 testium
1104 3347 1186 3407 melius
1198 3366 1249 3400 cam

128 3430 275 3495 hyoscyamo.
289 3431 458 3503 Ohifletianus
469 3446 580 3496 quoque,
591 3431 614 3480 si
625 3430 715 3481 testium
726 3430 818 3494 melius,
829 3433 925 3495 absquo
937 3430 978 3498 aql
987 3432 1116 3498 epiphoris.
1134 3435 1251 3497 Quatuor

128 3516 173 3571 alii
184 3516 210 3567 in
223 3517 387 3572 membranlsr
396 3532 496 3579 corpora
505 3514 628 3577 cumsolia
639 3515 663 3565 in
675 3532 712 3565 ac.
721 3523 787 3566 cocta
799 3515 862 3569 sulm,
872 3516 1022 3581 imponuntur
1032 3517 1056 3575 si
1067 3517 1158 3567 testium
1168 3516 1249 3566 mellis.

128 3599 260 3662 Suspicor:
275 3597 391 3664 Erupant
406 3616 514 3664 corpora.
535 3597 592 3650 Ciam
606 3598 672 3663 polio
690 3599 715 3649 in
734 3608 800 3651 aceto
816 3608 896 3653 motae
907 3599 1041 3657 mineribus
1052 3601 1217 3665 importunum
1228 3600 1252 3649 ai

128 3691 256 3744 caestuum,
268 3683 351 3741 arelius
363 3699 414 3735 cum
425 3683 565 3749 hyoscyamo
576 3691 599 3733 et
606 3683 699 3747 jamna
711 3684 790 3737 tritior
807 3685 855 3737 Ait
870 3687 966 3743 radices
985 3686 1033 3735 lilii
1045 3699 1098 3735 uua
1110 3699 1168 3734 cum
1179 3683 1249 3747 polio

127 3776 215 3818 cocus
226 3769 253 3817 in
266 3775 340 3823 aceto
351 3767 449 3833 imponi
460 3769 617 3837 vulneribus:
635 3769 705 3831 quod
717 3769 738 3820 si
750 3783 781 3819 es
792 3770 900 3821 vulnera
911 3771 1037 3820 caestibus
1049 3767 1164 3833 pugilum
1180 3766 1249 3819 teon

126 3851 186 3912 sint,
205 3858 259 3901 tum
276 3852 368 3903 melius
380 3867 442 3912 esso,
458 3859 487 3902 ut
503 3854 612 3909 addatur
628 3854 797 3916 hyoscyamus
813 3862 839 3903 et
854 3853 938 3903 farina
953 3852 1029 3902 misici
1045 3865 1139 3914 quam-

125 3937 167 3985 De
185 3951 232 3984 usu
251 3936 314 3998 polii
331 3949 387 3999 cap.
404 3943 438 3987 20
450 3933 508 3998 [at,
528 3933 599 3996 145J:
624 3933 764 3986 Veneriam
784 3951 875 3999 quoque
897 3934 1020 3984 illabuntur
1042 3931 1113 3996 [ubl.

125 4020 260 4080 leguntur:
273 4017 407 4068 onlnaibus
419 4034 512 4082 quoque
520 4019 554 4067 sic
566 4017 682 4081 illinunt}
695 4019 834 4081 caestuum
842 4020 948 4069 vulnera
959 4015 1104 4069 illustratIa

127 4103 232 4165 dialogo
247 4103 380 4167 Apollinis
396 4110 422 4153 et
436 4103 560 4153 Mercurii
577 4101 648 4165 [dial.
662 4105 731 4155 deor.
749 4100 807 4165 26]:
825 4098 910 4160 Οὗτος
922 4099 985 4163 μέν,
999 4097 1021 4149 ὦ
1036 4091 1085 4150 ”Aa

127 4179 172 4231 ἐπὶ
190 4185 238 4232 τοῦ
256 4183 399 4249 προσώπου
417 4181 450 4236 τὰ
469 4180 787 4253 praedominantur,
806 4182 824 4236 ἃ
840 4180 913 4249 ilasi
1058 4183 1071 4197 ’
