2760 4734
152 275 211 337 108
440 315 443 318 ·
644 295 785 337 euouovr

185 443 221 506 [4,
237 443 279 506 18]
299 442 349 494 Sed
359 451 424 492 scuto
436 444 492 503 eius,
505 443 530 491 in
542 460 586 506 quo
595 443 741 492 Amazonum
752 443 868 507 praelium
881 443 982 493 caelavit
996 444 1157 494 intumescente
1169 445 1272 509 ambitu]

151 529 225 579 Voss.
240 529 384 578 rotundius:
396 526 440 575 sed
450 527 475 575 in
486 535 551 576 scuto
563 527 613 576 eius
621 528 767 575 Amazonum
777 526 897 591 proelium
906 527 1008 576 caelavit
1017 529 1077 576 inter
1086 527 1200 576 ambitum
1211 546 1273 592 par-

151 626 209 658 mae.
228 613 317 660 Forte:
335 611 400 659 intra
415 610 534 660 ambitum.
557 611 612 661 Nec
628 627 687 661 vero
704 613 730 660 in
742 613 823 662 Aced.
836 614 939 675 Menep.
958 592 983 661 ei
996 613 1063 662 Gud.
1076 619 1114 662 est
1126 610 1157 660 τὸ
1171 612 1272 662 intume-

150 703 234 755 scente,
246 697 292 744 sed
303 703 402 745 tentum
415 693 517 742 caelavit
529 694 625 743 anrbitu.

188 775 281 840 [Ibit]
300 777 369 827 Adeo
386 787 501 827 momenta
517 779 597 827 omnia
612 787 733 841 compacta
749 778 810 827 artis
822 778 884 828 iilius
893 776 978 840 fuere]
997 779 1058 839 Alii,
1076 788 1195 842 comperta
1211 780 1274 828 artis

151 860 224 923 iliius,
236 863 283 923 rel,
296 871 414 927 compertu
426 863 487 911 artis
499 862 542 912 illi.
560 865 643 913 Acad.
653 864 722 912 Men.
735 871 760 912 et
770 864 836 914 Gud.
850 862 910 912 adeo
922 871 1036 911 momenta
1047 863 1121 911 amnes
1133 862 1274 926 artibsuere

73 993 76 999 ,
152 943 194 994 illi.
214 947 290 996 Voss.
302 947 382 995 amnia
392 947 489 995 catacia
500 946 562 994 ortis
574 945 695 1011 illisuere.
714 948 813 999 Scribe:
825 946 885 1009 adeo
897 955 1013 996 momenta
1024 947 1105 995 omnia
1116 947 1218 1010 capacia
1230 963 1273 994 ar·

154 1028 185 1077 tis
196 1029 318 1092 illisuere.
649 1026 650 1035 ἵ

188 1111 224 1175 [4,
238 1113 281 1175 20]
305 1115 382 1172 Quom
400 1116 428 1163 ob
446 1114 473 1164 id
489 1113 581 1177 quidem
596 1113 761 1178 praetulerunt
778 1115 869 1178 optione
886 1112 995 1177 quorum]
1019 1115 1093 1164 Voss.
1109 1113 1275 1178 praetulerunt

153 1213 249 1260 quorum
261 1198 362 1247 conditio
374 1207 428 1247 erat
439 1196 488 1260 Ooi,
503 1201 556 1248 sine
566 1196 605 1262 τῷ
614 1199 712 1261 optione,
723 1201 791 1263 quod
801 1201 979 1249 interiecerunt
988 1199 1032 1261 qui
1041 1199 1169 1247 nescirent
1178 1195 1208 1247 τὸ
1219 1214 1273 1246 con-

153 1280 212 1331 ditio
221 1285 312 1333 esse-id
321 1285 405 1346 ipsum
413 1285 455 1333 hic
468 1285 537 1346 quod
550 1282 619 1346 optio.
633 1283 723 1333 Cicero
734 1299 781 1347 pro
789 1283 906 1334 Cluentio
916 1298 970 1346 cap.
979 1288 1009 1331 14
1016 1280 1085 1343 [42]:
1095 1280 1147 1331 Sed
1154 1298 1205 1330 curn
1215 1291 1275 1330 esset

153 1363 211 1414 baec
222 1365 259 1416 illi
267 1368 390 1431 proposita
402 1367 512 1428 conditio,
524 1375 550 1414 ut
561 1375 604 1415 aut
616 1367 674 1416 iuste
683 1367 769 1430 pieque
781 1374 912 1427 accusaret,
925 1373 967 1414 aut
978 1367 1063 1415 acerbe
1071 1364 1212 1428 indiyneque
1224 1381 1273 1414 ma-

153 1457 252 1508 reretur,
265 1466 385 1513 accusare,
397 1469 488 1515 quoquo
501 1450 568 1501 modo
576 1459 664 1515 posset,
677 1468 747 1514 quam
761 1451 802 1500 iilo
814 1450 881 1500 modo
893 1451 966 1499 emori
973 1449 1065 1499 maluit.
1083 1452 1135 1501 Ubi
1144 1450 1211 1500 forte
1220 1465 1274 1499 me-

154 1532 214 1582 lius:
225 1541 250 1581 ut
257 1543 300 1582 aut
307 1552 393 1598 parum
402 1536 444 1600 pie
452 1544 583 1585 accusaret.
596 1536 709 1586 Iustinus
718 1537 762 1585 lib.
772 1543 783 1585 1
793 1534 829 1596 [6‚
837 1533 877 1596 6]:
887 1535 910 1583 si
919 1534 1021 1584 conditio
1029 1541 1186 1598 proponatur,
1197 1534 1275 1582 utrius

154 1615 216 1663 uitae
227 1625 311 1665 sortem
324 1617 410 1683 leyant,
423 1619 525 1668 hesterni
536 1618 624 1668 laboris
636 1636 669 1667 an
679 1619 838 1682 praesentium
851 1617 981 1682 epularum.
1004 1620 1137 1669 Pintianus
1154 1619 1274 1668 observat

154 1701 180 1747 iu
192 1714 239 1749 suo
252 1716 354 1764 quoque
366 1705 454 1752 codice
467 1703 576 1753 defuisse
588 1699 618 1750 rb
632 1702 734 1765 optione:
751 1703 854 1765 alioqui,
869 1704 976 1763 subiicit,
989 1704 1125 1767 legendum
1137 1702 1275 1750 videretur:

155 1784 217 1847 optio
229 1802 326 1847 quorum
338 1786 479 1837 conditione.
496 1789 570 1837 Nihil
582 1788 673 1837 melius
686 1788 808 1851 scripturn
819 1795 910 1837 vetere.

190 1866 227 1929 [4,
240 1868 284 1931 22]
310 1871 407 1921 Veneris
423 1870 588 1922 Praxitelicae
604 1869 730 1933 specimen]
750 1872 873 1921 Academ.
889 1870 1022 1920 Praxitele.
1042 1873 1118 1921 Voss.
1131 1858 1275 1920 Praemia.

155 1952 224 2014 Lege
236 1952 394 2016 Praxiteliae,
413 1963 441 2005 ut
453 1956 528 2004 estin
541 1955 658 2006 Gudiano
672 1965 697 2006 et
708 1956 838 2019 Menapia.
861 1954 903 2006 Sic
915 1964 940 2004 et
952 1936 1066 2016 instuit,
1080 1953 1138 2017 26]:
1157 1955 1234 2004 Venus
1252 1953 1277 2001 in

155 2034 233 2083 eodem
247 2036 295 2085 loco
307 2037 372 2086 nuda
383 2038 555 2088 Praxitelicam
567 2037 635 2088 illurn
651 2038 765 2090 Gnidiam
777 2027 931 2088 antecedens?
941 2040 1017 2090 Voss.
1030 2037 1175 2088 Praciteliu.
1193 2039 1276 2089 Acud.

154 2122 222 2170 Men.
236 2120 302 2170 Gud.
314 2121 484 2171 Praxiteliam:
502 2138 590 2172 omnes
606 2124 721 2174 nesciunt
738 2120 768 2171 τὸ
785 2120 903 2173 Ouidium.
921 2123 990 2172 Pint.
1004 2126 1086 2172 codex
1097 2120 1238 2183 Praxitelus,
1257 2124 1277 2171 si

154 2213 240 2254 tamen
252 2206 314 2254 bene
327 2221 473 2270 expressum
487 2215 532 2257 est.

190 2286 227 2350 [4,
240 2287 284 2350 23]
303 2288 338 2338 Et
350 2289 429 2341 Sileni
439 2291 463 2339 in
475 2292 558 2340 Asinii
565 2290 683 2341 Pollionis
694 2291 856 2354 monumentis]
876 2293 951 2342 Voss.
969 2292 994 2339 in
1007 2289 1123 2340 Pollionis
1131 2288 1215 2338 Asinii
1227 2305 1277 2337 mo-

155 2373 277 2423 numentis.
295 2375 331 2424 Ut
342 2385 367 2424 et
378 2392 440 2426 mox
452 2374 488 2437 [4,
502 2374 558 2437 24]:
578 2377 656 2426 Venus
671 2376 696 2424 in
704 2376 822 2425 Pollionis
832 2375 915 2424 Asinii
927 2375 1084 2424 monumentis.
1102 2375 1137 2424 Ut
1149 2373 1192 2422 lib.
1204 2380 1246 2433 36,
1263 2378 1275 2422 7

156 2453 208 2516 [iz
223 2455 265 2519 59]
279 2457 360 2521 Nepos
376 2456 503 2520 Cornelius,
516 2461 593 2510 Voss.
606 2469 632 2510 et
643 2462 705 2511 alibi
716 2461 811 2509 Drusus
822 2460 917 2520 Liuius,
930 2458 1031 2509 Paullus
1042 2456 1166 2506 Aemilius.

191 2537 227 2601 [4,
240 2540 284 2602 26]
305 2539 438 2606 Chorusque
454 2543 543 2595 Phorci
557 2553 580 2592 et
593 2543 691 2608 pristes]
716 2546 792 2594 Voss.
811 2545 880 2594 Men.
900 2544 967 2595 Gud.
985 2545 1067 2594 Acad.
1082 2541 1199 2606 pistrices.
1229 2542 1279 2591 Est

156 2624 223 2671 enim
233 2625 321 2687 pistris
333 2628 422 2676 eudem
435 2643 499 2691 queo
510 2629 604 2692 pristis.

192 2704 227 2768 [4,
240 2706 285 2769 29]
303 2707 346 2756 En
362 2711 444 2771 quibus
460 2728 519 2761 unus
534 2711 646 2761 Liberum
658 2713 758 2762 Patrem
772 2712 842 2776 palla
860 2711 950 2761 aelatus
967 2710 1070 2760 humerus
1083 2710 1200 2773 praefert,
1216 2707 1279 2757 alter

156 2788 268 2839 Liberum
287 2791 406 2854 similiter]
430 2795 509 2843 Recte
530 2794 631 2842 bumeris
649 2796 771 2846 Gelenius
787 2812 833 2860 pro
854 2796 941 2846 Veneri
956 2802 1000 2846 aut
1017 2794 1116 2844 Veneris
1133 2794 1278 2844 Hermolui:

156 2875 242 2937 itaque
260 2877 327 2925 cadit
342 2882 367 2925 et
384 2878 466 2939 gratia
476 2879 639 2929 correctionis
657 2880 774 2930 alterius:
790 2878 854 2928 alter-
861 2879 975 2929 Liberum
987 2876 1097 2928 Semeles.
1116 2879 1194 2928 Voss.
1206 2875 1278 2925 hibe·

156 2975 210 3008 ram
221 2958 337 3018 similiter,
353 2978 412 3012 num
425 2959 455 3012 τὸ
468 2961 577 3012 similiter
588 2979 640 3013 non
658 2965 759 3026 respicit
775 2979 909 3028 personam
922 2978 988 3027 quee
1000 2963 1087 3019 fertur,
1105 2964 1150 3011 sed
1163 2961 1278 3010 habitum

157 3043 266 3094 terentis.
285 3045 372 3096 Livius
386 3044 438 3108 [30,
450 3044 507 3108 39]:
520 3063 548 3095 en
560 3055 658 3112 arpenta
670 3047 812 3096 mulctaticio
825 3047 873 3095 tria
884 3047 954 3110 siyna
966 3062 1041 3095 aenea
1055 3043 1137 3094 Cereri
1146 3044 1280 3107 Liberoquc

156 3134 179 3174 et
189 3126 292 3176 Liberae
301 3138 435 3192 posuerunt.
1001 3184 1003 3187 v

191 3209 227 3273 [4,
240 3209 285 3273 30]
303 3212 415 3263 Mausolo
430 3211 516 3263 Oariae
533 3215 620 3281 reyula,
638 3217 680 3280 qui
694 3217 751 3266 obiit
765 3215 915 3282 Olympiadis
931 3215 1069 3264 centesimae
1085 3230 1147 3262 annu
1163 3208 1278 3272 secundo]

157 3296 233 3344 Voss.
254 3295 404 3360 Olympiadis
423 3296 489 3348 CUI.
508 3315 570 3347 anno
587 3298 694 3350 secundo.
721 3302 754 3349 Et
772 3303 807 3350 sic
829 3317 927 3351 rursum
944 3315 1000 3362 cep.
1017 3304 1031 3348 6
1051 3295 1092 3358 [6,
1109 3294 1153 3358 47]
1174 3293 1201 3343 Is
1222 3295 1281 3343 obiit

161 3376 309 3442 Olympiadis
324 3378 391 3429 CVI.
405 3398 466 3429 anno
478 3381 578 3431 secundo
590 3385 665 3433 Voss.
678 3384 815 3433 centesimae
823 3393 904 3432 sextae
912 3400 974 3432 anno
985 3380 1085 3430 secundo
1096 3383 1198 3444 Menep.
1212 3380 1280 3430 Gud.

157 3463 333 3512 Academicus.
351 3465 382 3514 Iu
395 3465 554 3529 Olympiadis
566 3483 671 3517 numero
689 3470 813 3519 consentit
824 3470 955 3518 Diodorus
968 3468 1077 3527 Siculus,
1100 3467 1144 3516 sed
1160 3465 1186 3512 iu
1204 3478 1281 3525 quar-

157 3556 212 3598 tum
236 3547 289 3597 eius
314 3563 417 3609 annum,
444 3552 562 3600 consules
586 3551 622 3600 M.
639 3552 748 3603 Fabium
765 3553 921 3603 Ambustum
941 3554 978 3602 M.
990 3552 1118 3614 Popilium
1128 3549 1280 3605 Laenatem,

157 3632 189 3682 U.
203 3632 232 3683 0.
245 3637 311 3693 397,
324 3641 430 3683 mortem
443 3633 519 3683 refert
529 3636 649 3698 Mausoli,
660 3637 703 3686 lib.
719 3643 749 3687 16
763 3635 829 3698 [36].

191 3714 280 3778 [Ibid]
301 3716 411 3782 Oinyitur
426 3716 538 3767 columnis
555 3719 654 3784 triyinta
668 3735 717 3771 sen.
735 3720 775 3769 Ab
797 3719 902 3783 Oriente]
923 3721 1058 3771 Turnebus
1074 3719 1281 3775 Adv.17‚4.ex

158 3800 219 3851 Mes.
232 3804 339 3865 protulit
351 3804 460 3853 auctius:
476 3799 583 3866 Oinyitur
593 3801 705 3852 columnis
715 3803 856 3854 XXXVI.
866 3811 950 3867 pteron
963 3819 1087 3852 vocavere:
1099 3802 1176 3864 idque
1189 3800 1281 3849 confir-

158 3886 236 3933 mavit
248 3888 409 3947 sequentibus
422 3888 515 3937 verbis:
532 3886 643 3949 Namque
658 3903 733 3951 supra
747 3896 831 3952 pteron
844 3887 961 3952 pyramis.
980 3888 1123 3937 Vossianus
1141 3885 1218 3934 etium
1231 3885 1281 3933 isto

159 3968 320 4031 locupletior:
336 3967 443 4034 Oinyitur
455 3969 567 4019 columnis
580 3970 679 4035 triyinta
689 3988 738 4023 sen.
755 3972 846 4022 Pteron
858 3987 969 4021 vacavere
980 3970 1111 4021 circuitum.
1129 3968 1170 4020 Ab
1185 3967 1281 4019 Oriente

161 4051 264 4100 caelavit
275 4052 374 4117 Scopas.
391 4055 462 4105 Infra
475 4070 530 4120 cap.
545 4062 575 4106 le
594 4054 647 4118 [19‚
667 4054 724 4118 88]:
745 4055 852 4119 aliaeque
867 4073 949 4105 rursus
965 4065 1034 4105 erma
1045 4069 1136 4103 murum
1152 4049 1284 4118 labyrinthi

160 4130 319 4194 acdyiciorum
331 4137 414 4187 moles:
422 4147 507 4202 pteron
519 4139 648 4204 appellant.
666 4141 797 4192 Vitruvius
806 4148 915 4203 pteroma
927 4141 970 4192 lib.
984 4147 1007 4201 3,
1022 4147 1045 4190 2.
1058 4147 1084 4190 et
1096 4147 1120 4200 4,
1134 4143 1156 4189 7.

651 4236 658 4261 l
