2760 4734
465 281 569 324 morin
585 281 628 321 m>
643 280 726 322 nmn.
741 281 858 321 xxxm.
1181 261 1220 324 79

137 433 226 498 [Ibin]
244 432 309 482 Dein
327 429 391 479 teum
404 430 484 480 cribro
505 427 647 491 secernitur]
665 431 741 479 Voss.
759 437 783 479 et
798 430 908 479 Pintieui
929 431 994 479 liber
1014 430 1092 479 cribro
1113 433 1221 481 cernitur.

100 521 158 572 Lib.
173 525 212 579 18,
227 524 255 567 ll
272 514 324 577 [te
339 512 412 575 115]:
423 514 557 576 Posteaque
567 514 640 577 pypsi
649 530 709 576 pars
721 520 809 575 quorta
820 513 971 577 insperpitur,
983 522 1062 577 atquc,
1074 523 1100 563 ut
1111 516 1233 583 cohaesit,

93 603 210 668 farinam
222 599 299 650 cribro
310 600 455 647 subcernunt.
477 596 544 655 Quae
560 597 584 645 in
600 613 626 645 eo
642 596 763 659 remansit,
779 597 908 660 excepticia
923 596 1058 660 appellatur
1074 606 1097 646 et
1112 599 1224 664 prandis-

101 689 163 737 sium
175 693 217 735 est.
239 683 334 734 Rursus
350 697 411 744 quae
428 681 531 741 manmit,
549 679 651 729 arctiore
662 680 765 728 cernitur
782 688 805 728 et
820 678 964 729 secundaria
975 689 1079 731 uocatur.
1097 685 1140 733 lib.
1153 691 1194 746 85,
1209 694 1223 737 6

103 771 157 834 [η
171 767 216 830 46]
230 770 261 818 de
272 767 374 816 Indicos
391 781 441 814 uem
453 765 563 824 cernitur,
576 764 668 827 niprum
675 784 684 826 ,·
700 771 727 811 at
743 764 769 811 in
780 762 890 812 diluendo
902 765 1028 812 mixturam
1038 782 1160 830 purpurae
1172 786 1225 818 coe.

102 853 207 915 maleique
218 848 348 899 mirabilem
360 847 446 897 reddit.
465 848 507 898 Sic
519 848 584 896 bene
597 847 744 908 Salmasius,
758 862 816 896 cum
828 856 853 895 et
864 849 890 895 in
903 848 979 898 Voss.
993 850 1025 898 sit
1038 858 1155 899 cernatur.

139 935 197 998 [η
210 932 254 995 89]
279 933 379 984 Summa
394 929 600 980 commendationis
615 938 664 991 est,
681 938 708 978 ut
722 929 821 978 colorem
838 929 925 978 herbae
941 930 1025 994 tepetis
1042 931 1101 980 lesete
1117 933 1224 997 virentis]

104 1021 182 1070 Ceret
194 1018 305 1081 optimus
318 1015 377 1072 τοῖς
392 1023 427 1063 est
443 1022 476 1074 ut,
494 1015 552 1063 dein
567 1012 679 1076 praefert
696 1011 772 1061 colore
788 1013 813 1061 in
830 1012 910 1063 herba.
933 1013 1032 1064 Scribe:
1050 1014 1149 1065 Summa
1165 1033 1225 1065 com.

103 1100 267 1160 mendationis,
284 1097 383 1146 colorem
399 1097 424 1145 in
441 1096 514 1145 herba
530 1096 615 1159 tepetis
631 1095 691 1144 laete
702 1104 728 1144 ut
740 1095 837 1144 virenti's
848 1112 919 1159 quam
931 1095 1047 1144 simillime
1063 1096 1155 1148 reddat.
1173 1100 1226 1150 No-

105 1195 156 1235 ster
166 1185 210 1233 lib.
225 1188 263 1243 18,
278 1188 292 1230 5
306 1179 397 1242 [lelsos
408 1195 528 1230 numerus
540 1181 637 1242 cupitis.
654 1180 736 1242 Lege:
751 1186 790 1240 18,
805 1184 827 1240 7,
842 1186 882 1240 10,
896 1179 952 1241 52]:
968 1181 1097 1229 Frumento
1113 1181 1186 1231 bieme
1202 1184 1226 1231 in

105 1268 178 1316 nerto
189 1273 250 1326 sunt,
268 1280 338 1313 omno
350 1252 451 1326 tempore
460 1262 615 1325 fastipantur
632 1262 656 1308 in
672 1261 791 1325 stipulam.
811 1263 916 1312 Ovidius
928 1271 988 1312 met.
1003 1262 1038 1324 [5‚
1051 1264 1127 1327 tet]:
1142 1266 1227 1328 primis

105 1358 192 1414 repetes
204 1348 335 1396 moriuntur
349 1347 373 1394 in
391 1344 476 1394 herbis.
495 1346 562 1395 idem
575 1342 611 1406 [8,
625 1343 699 1406 290]:
716 1353 804 1409 seqetcs
817 1344 942 1409 proculcat
957 1345 982 1394 in
994 1346 1072 1396 herba
1090 1351 1125 1398 Et
1135 1350 1162 1397 in
1174 1351 1226 1413 epi·

107 1436 175 1484 stola
184 1433 283 1483 Paridis
298 1429 351 1493 [17‚
364 1435 421 1478 263.
439 1430 517 1492 Apud
528 1429 637 1478 Merkel.
650 1437 688 1479 ost
699 1429 759 1479 Her.
775 1427 829 1490 lt]:
846 1437 869 1476 et
885 1428 963 1478 adbuc
975 1437 1016 1478 tua
1027 1431 1108 1479 messis
1119 1432 1143 1480 in
1155 1431 1227 1481 lerbo

108 1526 149 1567 est.
166 1518 236 1566 Men.
249 1515 317 1566 (lud.
330 1521 356 1562 et
367 1514 448 1562 Aced.
461 1520 496 1560 est
506 1511 531 1560 in
542 1510 618 1560 colore
630 1512 656 1560 in
667 1511 739 1561 herba
750 1511 773 1561 si
784 1520 872 1577 sepcies
885 1511 932 1562 late
943 1514 1051 1562 virentes.

143 1599 196 1663 [2³13
212 1597 255 1660 90]
274 1595 415 1646 Introducta
426 1596 535 1660 opificum
548 1593 628 1657 turba]
642 1596 717 1657 Quod
728 1598 763 1647 ibi
775 1598 906 1659 negotium
918 1597 994 1647 inerit
1006 1599 1137 1661 opificibus
1149 1601 1228 1650 intro-

109 1685 199 1744 ductis,
214 1685 357 1744 videndum.
376 1683 446 1731 Men.
459 1687 485 1729 et
496 1680 562 1730 Gnd.
575 1678 679 1730 inducta.
697 1681 774 1731 Voss.
786 1679 889 1743 indocta,
906 1690 935 1731 ut
946 1689 972 1731 et
983 1682 1160 1734 Academicus.
1178 1684 1229 1734 Sed

108 1777 135 1817 et
145 1768 222 1817 Voss.
240 1780 303 1815 mox
320 1763 451 1826 distinquit.
473 1765 564 1826 Itaque
581 1765 753 1814 scribendum:
771 1780 821 1813 cum
837 1764 888 1827 ipse
903 1763 1020 1814 concolori
1032 1781 1112 1826 panno
1129 1767 1229 1829 auripa-

110 1859 176 1899 turus
191 1857 256 1898 esset.
282 1846 383 1896 lndocta
399 1846 509 1910 opificum
530 1847 600 1895 turba
620 1846 696 1894 tribus
712 1862 764 1894 eam
784 1848 909 1908 peneribus
928 1844 1057 1909 distinquit.
1086 1849 1140 1898 Etsi
1160 1850 1230 1900 haud

108 1936 223 1996 ignorem
239 1933 369 1994 eleganter
384 1944 487 1993 quoquc
505 1929 552 1977 dici
569 1944 644 1991 posse
663 1929 744 1976 turbae
756 1927 908 1991 distinpuunt.
927 1929 978 1980 Sed
994 1931 1123 1992 proevalet
1138 1935 1230 1982 veteris

109 2019 168 2066 libri
180 2016 324 2066 auctoritas.
341 2015 414 2063 Idem
425 2013 478 2062 fere
489 2013 571 2061 voluit
582 2012 723 2061 Pintianus.

144 2095 423 2160 em.vn.[eo‚1le]
446 2094 517 2145 Cuius
534 2094 570 2143 rei
585 2093 677 2157 quidem
696 2111 792 2144 causam
804 2094 890 2158 miror]
909 2097 984 2146 Voss.
1000 2094 1072 2145 Cuius
1083 2099 1120 2146 rei
1133 2114 1229 2148 causam

110 2180 233 2247 nequidem
244 2183 325 2230 miror.
342 2181 428 2231 Unum
439 2181 540 2228 litorum
553 2178 624 2226 tolle.

146 2267 198 2330 [40‚
212 2265 271 2328 lle]
281 2264 344 2314 Iuba
356 2262 451 2313 minium
463 2260 532 2310 nosci
542 2269 565 2309 et
575 2261 601 2309 in
613 2258 744 2310 Cumania
756 2260 842 2323 tradit,¹
851 2261 1011 2325 Hermopenes
1023 2271 1044 2310 et
1057 2264 1081 2310 in
1090 2264 1230 2329 Aethiopia]

109 2352 234 2401 Academ.
248 2365 306 2399 cnm
318 2349 385 2398 Gud.
398 2355 423 2396 et
435 2347 504 2395 Men.
519 2343 593 2393 tradit
605 2352 628 2393 et
639 2344 731 2408 mopnis
742 2344 767 2392 in
778 2342 916 2407 Aethiopia.
934 2345 1009 2395 Voss.
1027 2345 1103 2394 tradit
1118 2348 1233 2412 inopinos

109 2436 135 2482 in
147 2433 284 2495 Aethiopia.
304 2432 401 2482 Scribe:
418 2439 441 2478 et
455 2429 481 2478 in
496 2428 628 2479 Germania
642 2427 711 2476 nasei
727 2426 809 2490 tradit,
833 2426 973 2492 limapencs
989 2427 1014 2476 in
1025 2428 1161 2494 Aethiopia.
1178 2433 1231 2482 No.

109 2518 188 2565 bilem
205 2516 333 2563 rhetorem
349 2519 374 2561 et
390 2513 538 2562 historicum
549 2511 765 2571 Alexandrinum,
782 2511 866 2562 Asinii
877 2512 1002 2562 Pollionis
1017 2515 1232 2578 contubernalem,

108 2598 232 2658 intellige.
250 2597 322 2646 Idem
338 2595 429 2658 reperit
443 2596 470 2643 in
482 2609 528 2644 eno
540 2595 627 2643 codice
638 2594 781 2644 Pintianust
799 2596 843 2644 sed
854 2596 922 2645 male
936 2596 1095 2647 scribendum
1108 2601 1233 2651 coniectat

108 2682 170 2730 inde
186 2679 302 2727 Timaeus.

147 2760 209 2825 [ltu]
228 2761 269 2812 Ne
285 2760 378 2810 niodum
394 2759 516 2810 excederet
526 2760 615 2812 LXX
623 2760 647 2809 in
660 2759 745 2824 libras]
764 2764 841 2814 Voss.
858 2762 926 2815 H·S.
938 2764 1026 2816 LXX
1039 2767 1064 2814 in
1081 2766 1162 2817 libras.
1182 2770 1232 2818 hoc

112 2856 159 2906 est,
172 2847 313 2896 sestertium
324 2848 455 2895 nummum
468 2845 635 2908 septuaginta.

146 2929 210 2978 Otr.
223 2930 270 2981 IX.
289 2929 342 2991 [45,
357 2926 416 2989 tue]
441 2928 473 2978 Ut
489 2926 526 2976 vel
541 2944 586 2976 uno
602 2928 705 2977 intuente
717 2929 822 2993 populus
838 2929 933 2978 totidem
949 2930 1077 2994 imapinum
1086 2931 1150 2993 fiat]
1169 2936 1232 2984 Pur-

112 3021 258 3075 gamentum
275 3016 417 3062 calcaverat
427 3013 568 3072 Pinianus,
587 3026 666 3073 quum
681 3015 819 3074 legendnm
835 3013 901 3062 forte
914 3014 1033 3063 scriberet
1046 3013 1162 3076 poculum,
1180 3032 1232 3068 non

109 3095 218 3160 populus.
237 3097 317 3158 Quasi
328 3097 457 3145 docendus
470 3103 536 3144 esset
547 3091 578 3142 τὸ
596 3093 696 3157 populus
708 3096 836 3158 eleganter
847 3110 894 3158 pro
904 3097 998 3158 quovis
1015 3097 1109 3146 maiore
1125 3114 1232 3152 numero

28 3184 31 3191 '
114 3188 157 3229 eut
173 3182 336 3230 multitudine
352 3179 422 3242 poni.
439 3178 478 3227 At
493 3178 557 3240 legit
573 3179 640 3240 apud
656 3179 725 3227 bunc
742 3179 827 3241 ipsum
844 3179 889 3227 lib.
906 3185 947 3239 ³5,
965 3186 980 3228 2
999 3177 1035 3241 [2,
1052 3178 1093 3241 6]=
1113 3191 1139 3230 ut
1158 3194 1234 3234 essent

113 3263 240 3327 urtaqines,
256 3280 317 3327 quae
333 3262 501 3312 comitarentur
516 3259 639 3325 pentiiicio
648 3261 756 3325 sunero,·
776 3277 912 3325 semperque
932 3260 1041 3325 defuncto
1056 3263 1150 3326 aliquo,
1174 3274 1234 3317 totus

114 3344 200 3394 odmct
209 3345 324 3408 familiae
336 3345 392 3407 eius,
406 3345 447 3408 qui
458 3346 659 3408 unquomsuerat,
669 3344 778 3410 populus.
796 3347 876 3409 Apud
886 3339 1005 3397 Ovidium
1017 3350 1035 3396 l.
1047 3355 1070 3399 6.
1085 3347 1159 3411 [vers.
1172 3351 1232 3415 tte]

114 3440 172 3480 met.
190 3430 272 3482 Niobe
287 3429 400 3494 populum
415 3437 524 3479 notorum
541 3445 635 3477 suorum
652 3432 774 3494 appellet.
791 3432 826 3482 Et
837 3432 1022 3495 qninquaginta
1032 3434 1098 3484 filios
1110 3436 1233 3487 Artaxer·

114 3516 152 3564 xis
166 3512 278 3578 populum
295 3514 409 3578 appellat
424 3515 526 3576 Trogus
543 3515 681 3578 Pompeius
698 3516 742 3564 lib.
758 3522 796 3566 lo.
810 3513 875 3580 [esp.
891 3515 989 3580 1.§t].
1014 3518 1111 3568 Seneca
1127 3533 1166 3582 ep.
1186 3525 1232 3569 105

116 3594 167 3659 [7]:
185 3605 211 3646 ut
226 3595 391 3660 parrulitotem
407 3614 475 3646 suom
488 3595 605 3646 custodiat
616 3605 639 3645 et
648 3606 767 3646 contentus
778 3600 809 3648 sit
820 3599 889 3650 unius
900 3600 1007 3662 auribus,
1020 3600 1133 3664 populum
1143 3601 1232 3664 faciet.

114 3683 140 3730 id
152 3689 198 3743 est,
210 3683 304 3732 multos
317 3684 439 3732 conscios.
453 3682 505 3732 Ubi
517 3697 602 3732 rursus
614 3684 719 3732 insuere
729 3682 836 3746 poculum
847 3687 937 3736 miscet
948 3686 1088 3734 Pintienus.
1110 3684 1160 3734 Sed
1173 3687 1233 3734 buit

115 3781 166 3828 quo
183 3767 215 3815 de
231 3767 329 3829 agimus
345 3769 403 3817 loeo
421 3767 484 3816 nihil
502 3767 684 3830 congruentius
697 3775 722 3816 et
737 3771 831 3818 tuendo
848 3776 874 3818 et
889 3769 1047 3828 illustrando,
1064 3782 1141 3830 quem
1156 3771 1233 3818 verbe

116 3849 226 3900 Senecse
238 3851 280 3901 lib.
296 3857 317 3902 1.
329 3858 381 3900 nst.
394 3866 419 3913 q.
432 3855 446 3898 t
461 3848 515 3912 [l]:
534 3849 597 3900 Sunt
612 3849 730 3913 quaedam
746 3851 842 3916 specula
857 3868 886 3900 en
902 3849 981 3899 multis
992 3849 1131 3914 minutisque
1142 3868 1233 3917 compo-

115 3933 176 3983 sito.-
193 3935 275 3997 quibus
286 3935 308 3982 si
320 3951 389 3983 unum
401 3931 529 3983 ostenderis
541 3933 662 3996 bominem,
676 3934 778 4000 populus
789 3943 898 4000 apparet,
910 3950 1052 3998 unaquaque
1061 3943 1132 3999 parte
1141 3936 1233 4000 sociem

116 4032 183 4066 suom
195 4018 347 4082 exprimente.
364 4018 435 4068 Haec
446 4033 497 4067 cum
508 4017 556 4066 sint
569 4017 693 4067 coniuncta
704 4027 727 4068 et
737 4018 808 4068 mmul
819 4018 941 4079 collocata,
959 4017 1108 4068 nibilominus
1123 4017 1235 4069 seducunt
1248 4029 1296 4074 820

115 4100 230 4166 inopinos
244 4119 301 4151 suas
317 4111 338 4150 et
354 4117 384 4150 es
400 4118 445 4150 uno
461 4102 553 4150 turbam
570 4101 682 4166 efficiunt.
709 4102 830 4153 Caeterum
853 4110 972 4152 cateruam
987 4101 1054 4152 illam
1071 4120 1116 4151 non
1137 4106 1234 4168 confun-

116 4183 182 4248 dunt,
194 4184 237 4234 sed
247 4184 385 4250 diremptam
398 4185 422 4234 in
432 4184 515 4247 facies
525 4183 632 4256 simpulus
643 4184 783 4236 demetunt.
