2760 4734
577 1278 730 1373 tutis

497 1433 562 1498 AD
590 1433 711 1497 mun
741 1429 818 1497 vn.

97 1590 207 1653 [Primus
218 1605 337 1640 uumerus
350 1591 455 1639 denotat
467 1589 568 1650 librum,
585 1592 711 1639 secundus
722 1597 805 1652 caput,
822 1589 909 1638 tertius
926 1596 1093 1652 segmentum,
1112 1597 1216 1656 quartus

137 1683 324 1748 paragraphum
337 1683 397 1731 edit.
410 1680 492 1745 Sillig.
513 1722 543 1729 ..
563 1680 635 1742 Quas
646 1682 719 1729 uncis
731 1682 830 1730 inclusa
842 1688 900 1730 sunt
911 1696 978 1731 nova
990 1681 1172 1744 accesserunt]

130 1819 195 1869 Cur.
213 1817 341 1868 XXXVI.
365 1813 419 1876 [36,
437 1812 497 1874 121]
525 1813 550 1862 A
572 1813 674 1861 ianitore
694 1829 785 1876 semper
805 1829 904 1863 excussa
920 1813 1022 1877 nequid
1043 1815 1143 1879 inferret
1157 1814 1217 1877 cibi]

95 1905 145 1952 Pro
163 1917 261 1949 recussa
278 1900 345 1950 Gud.
362 1901 432 1949 Men.
446 1900 527 1948 Acad.
540 1905 648 1947 curante:
665 1905 694 1948 ut
711 1905 736 1949 et
751 1899 814 1949 Mu.
830 1901 863 1949 ad
879 1900 1026 1962 marginem,
1045 1907 1071 1949 et
1086 1907 1136 1949 tres
1153 1916 1218 1962 quos

95 1987 156 2034 vidit
169 1984 320 2034 Salmasius:
336 1985 404 2032 unde
420 1983 464 2030 ille
482 1983 560 2030 modo
578 1981 647 2030 elicit
664 1980 806 2042 exquirente,
823 1983 901 2031 modo
913 1983 997 2045 ipsum
1009 1991 1106 2031 curante
1118 1985 1217 2044 retinet,

95 2072 171 2118 modo
184 2074 266 2116 tentat
278 2082 377 2113 excussa
389 2072 451 2113 ante.
469 2065 582 2114 Pintiani
594 2064 744 2123 Toletanus,
761 2064 895 2113 excutiente.
917 2066 978 2114 Non
990 2067 1062 2116 video
1075 2069 1118 2116 hic
1131 2069 1217 2130 appel·

94 2153 143 2200 lari
154 2151 346 2200 Ohifietianum:
360 2150 429 2211 quod
441 2149 462 2198 si
475 2155 653 2209 argumentum
666 2153 704 2196 est
714 2148 807 2196 firmari
819 2148 851 2196 ab
864 2163 894 2197 eo
904 2145 934 2195 τὸ
945 2163 1050 2210 excussa,
1060 2149 1135 2199 facile
1144 2165 1217 2213 pras-

95 2244 185 2295 gravat
197 2248 286 2282 omncs
303 2233 368 2282 alios
386 2247 443 2282 oum
461 2247 507 2285 sun
524 2239 629 2281 curante.
648 2231 692 2282 Sis
704 2231 810 2281 Asinius
821 2231 905 2282 Pollio
918 2233 949 2283 ad
962 2231 1110 2283 Ciceronem
1121 2233 1164 2282 lib.
1178 2240 1217 2283 10.
1251 2282 1261 2295 ,

95 2320 176 2368 famil.
189 2325 219 2368 31
236 2316 290 2380 [t]:
308 2316 431 2367 &centes
443 2315 503 2365 enirn
521 2313 576 2364 loeis
592 2314 747 2375 excutiuntur,
764 2312 848 2363 deinde
864 2316 935 2383 ettam
952 2315 1080 2364 retinentur
1096 2333 1113 2365 a
1123 2316 1218 2381 Lepida

97 2401 221 2450 tabellarii.
244 2402 394 2464 Spartianus
417 2402 444 2449 in
466 2399 591 2463 Septimio
614 2397 651 2461 [6.
671 2396 789 2462 1).598]:
817 2407 993 2462 armatamque,
1015 2400 1218 2451 timenutensium
1240 2452 1244 2457 ,

12 2504 21 2512 -
96 2485 204 2544 minatis,
220 2484 356 2532 salutarunt
372 2483 471 2544 excussi,
488 2499 516 2531 na
534 2481 594 2545 quid
600 2482 671 2544 ferri
684 2481 803 2532 labuerit.
822 2483 867 2535 stu
884 2491 910 2533 et
927 2485 980 2548 ipse
996 2485 1032 2533 sie
1050 2484 1135 2546 habet,
1154 2486 1218 2535 nihil

95 2569 262 2618 verosimilius
278 2585 354 2631 quam
370 2575 490 2617 scrutante
507 2568 636 2631 scripsisse
649 2568 768 2618 Plinium.
786 2568 823 2618 Ut
837 2576 980 2619 scrutatores
997 2569 1023 2617 in
1040 2569 1131 2618 officiis
1147 2571 1219 2633 prin.

96 2652 179 2713 cipum
192 2656 260 2715 apud
272 2634 398 2702 Iustinum
410 2653 453 2702 lib.
466 2657 506 2713 ³8,
521 2656 543 2701 1.
556 2659 582 2703 et
593 2650 743 2702 Suetonium
755 2651 864 2703 Claudio
877 2656 917 2703 35.
934 2651 1092 2715 Vespasiano
1107 2659 1144 2702 12.
1164 2652 1218 2716 [Ex
1267 2691 1270 2694 -

97 2733 231 2784 Miscellan.
250 2752 275 2799 p.
292 2741 349 2786 846.
367 2738 406 2786 ed.
423 2737 575 2787 Hackianae
595 2736 646 2785 hue
669 2735 802 2797 traximus,
824 2744 853 2787 ut
872 2736 985 2787 ordinem
1006 2737 1121 2786 locorum
1142 2737 1218 2787 Plinii

96 2817 271 2879 servaremus]

131 2901 195 2950 Cae.
208 2904 334 2953 XXXIX.
349 2903 405 2965 [40,
421 2901 481 2964 129]
501 2902 575 2960 Quen
586 2902 654 2954 Nero
664 2902 742 2953 H-S.
757 2899 843 2954 CXX.
856 2903 895 2952 M.
911 2900 1058 2963 manumisit]
1077 2904 1120 2954 stc
1137 2906 1218 2954 reddi·

96 2987 196 3044 derunt,
207 3001 285 3047 quum
298 2986 324 3034 in
333 2989 395 3037 Mea.
404 2995 430 3036 et
441 2988 500 3036 edit
513 2987 623 3048 antiquis
633 2994 698 3037 esset
706 2985 755 3035 III
762 2984 877 3047 CXXX,
887 2987 928 3035 vel
939 2985 964 3034 in
976 2983 1091 3036 CXXX.
1104 2988 1218 3050 Repone,

95 3069 179 3129 iuquit
191 3068 330 3118 Salmasius
341 3072 373 3119 ad
386 3069 466 3119 Solia.
478 3084 503 3132 p.
518 3076 567 3130 41,
584 3085 650 3131 quern
663 3069 729 3118 Nera
740 3067 807 3119 IIS.
822 3067 938 3120 OXXX.
951 3070 1097 3118 manumisit.
1114 3072 1164 3121 hoe
1180 3079 1219 3120 est

97 3152 218 3201 sestertiis
231 3161 331 3202 centum
344 3154 455 3215 triginta.
467 3153 598 3203 Modicam
610 3161 696 3205 tumen
708 3153 775 3202 hanc
787 3168 913 3203 summam
924 3154 1044 3216 intelligit
1056 3155 1118 3217 ipse,
1129 3156 1151 3204 si
1160 3170 1219 3204 cum

97 3238 201 3284 cacteris
222 3239 275 3286 eius
297 3238 386 3299 capitis
407 3245 579 3300 comparetur:
608 3251 690 3299 eoque
712 3237 779 3287 forte
801 3237 929 3301 scripsisse
944 3245 1087 3288 auctoremz
1108 3239 1219 3289 satana

37 3371 45 3384 χ
100 3315 193 3368 CCCC:
212 3324 255 3370 sed
268 3323 466 3384 dispensatorem
479 3321 550 3371 illum
564 3330 663 3371 mutum
675 3321 763 3382 tuisse,
781 3322 853 3373 nullo
864 3323 970 3372 artificio
982 3326 1217 3375 commendabilem.

99 3404 177 3464 Quasi
189 3420 240 3453 non
252 3408 321 3455 omni
332 3408 440 3456 artificio
452 3422 498 3469 par
510 3414 535 3455 et
547 3406 629 3456 maius
641 3406 668 3455 in
679 3421 752 3457 servo
764 3405 841 3456 inerit
851 3407 902 3455 fide
911 3420 943 3456 ac
953 3409 1043 3470 peritia
1054 3423 1156 3458 omnem
1166 3425 1218 3458 rem

98 3503 128 3536 ac
141 3496 233 3538 statum
246 3491 342 3539 domini
353 3491 442 3541 tuendi
452 3497 479 3540 et
489 3490 664 3553 locupletandi
675 3491 818 3554 praeditum
831 3505 894 3541 esse.
911 3492 993 3554 Atqui
1010 3507 1038 3539 aa
1058 3499 1108 3540 tota
1114 3492 1220 3554 familia

95 3572 275 3634 probatissimas
286 3575 347 3623 dicit
359 3574 496 3624 Suetonius
507 3576 534 3624 in
544 3574 647 3624 Narone
660 3575 845 3637 dispensatores
857 3581 883 3625 et
894 3590 1069 3626 amanuenses.
1088 3575 1140 3625 Sed
1156 3584 1181 3624 et
1198 3578 1218 3624 si

98 3672 183 3706 servus
196 3656 405 3719 suffragationem
417 3660 449 3707 ad
462 3658 674 3722 dispensationem
687 3657 803 3708 Caesaris
816 3659 900 3709 decies
911 3659 1028 3708 sestertio
1041 3660 1114 3719 emit,
1131 3661 1218 3720 quanti

98 3740 192 3790 Caesar
204 3743 234 3790 ad
248 3742 338 3790 luxum
354 3743 461 3805 pecunia
477 3743 579 3804 indigus
594 3742 738 3792 libertatem
755 3757 835 3803 servo,
852 3743 896 3805 qui
912 3743 1006 3791 multos
1022 3757 1102 3790 annos
1120 3734 1224 3805 dispen-'

99 3832 167 3874 sator
178 3825 235 3885 suit,
247 3827 362 3875 vendere
369 3826 470 3876 debuit?
489 3825 515 3876 Is
527 3833 574 3887 est,
587 3827 618 3875 de
630 3841 681 3889 qno
693 3825 830 3878 Suetonius
843 3827 947 3878 Othone
959 3840 1013 3888 cap.
1027 3829 1050 3874 5.
1067 3826 1135 3875 Mihi
1146 3841 1218 3889 pror-

99 3925 141 3960 sus
153 3923 206 3957 non
219 3917 271 3959 tam
283 3909 391 3960 liberare
402 3924 501 3960 servum
513 3911 624 3961 voluisse
635 3911 734 3961 ridetur
744 3911 814 3962 Nero
832 3927 909 3974 quam
925 3911 1060 3974 spongiam
1072 3911 1218 3960 humentem

100 3994 249 4055 exprimere.
268 3994 358 4056 Itaque
370 3994 432 4042 nihil
444 3995 595 4057 promptius,
609 4010 685 4057 quam
697 4003 726 4045 nt
737 4004 812 4045 notas
824 3996 883 4045 illas
896 3995 1062 4058 explicemus:
1074 4010 1140 4056 quern
1153 3993 1219 4044 Nera

98 4077 205 4125 sestertia
217 4077 301 4125 centies
314 4077 392 4126 tricies
405 4077 547 4127 manumisit.
561 4080 611 4127 hoc
624 4088 670 4138 est,
684 4081 802 4130 trecentis
815 4081 902 4141 viginti
915 4081 1026 4142 quinque
1038 4080 1150 4130 millibus
1158 4081 1219 4130 Phi-

98 4161 203 4223 lippiim.
227 4162 327 4212 Etiam
346 4169 589 4212 commonstraverit
605 4163 676 4214 illam
693 4165 760 4213 viam
777 4165 908 4213 Budaeus:
927 4166 973 4213 etsi
994 4164 1087 4213 librum
1108 4172 1219 4214 ueterem
