2760 4734
423 293 528 338 nonna
545 296 588 336 An
603 296 686 336 unu.
703 295 820 336 xxxw.
837 295 967 337 xxxvn.
1195 277 1256 338 113

340 444 385 494 Ille
393 445 448 510 suit
459 445 522 493 vitae
533 444 617 495 Mario
629 443 718 505 modus,
731 445 812 494 omnia
820 460 901 508 paceo,

343 529 411 587 Quae
418 528 488 593 peior
495 530 601 592 fortuna
609 537 694 593 potent,
706 537 776 592 atque
788 529 893 578 omnibus
904 545 953 589 uso,

343 612 411 671 Quae
422 612 511 674 melior,
523 629 645 676 memeque
657 611 756 662 hominis
767 611 827 676 quid
832 613 895 675 fata
903 620 1020 677 paterent.

134 701 179 752 Sic
194 700 262 749 enim
279 698 383 748 omnino
400 699 537 761 legendum
553 713 567 746 e
582 698 646 747 Mes.
668 713 725 747 cum
743 698 782 748 cl.
800 697 905 758 Grotio,
921 713 973 748 non
989 696 1077 746 nomini
1092 707 1117 748 et
1131 706 1257 762 pararent.

134 785 201 834 Fata
212 781 312 831 homim'e
323 789 382 831 sunt
393 781 447 832 fata
458 783 578 832 humanu.
595 785 720 845 Experto,
733 783 776 842 ait,
789 795 855 845 queo
866 783 893 830 in
905 789 1037 844 utramque
1048 792 1149 844 partem
1163 785 1258 833 homini

134 878 251 920 extrema
265 873 372 932 possunt
387 867 512 927 accidere,
530 873 654 929 quantum
670 867 804 928 distarent3
822 875 979 929 transgresso
997 867 1029 914 ab
1046 867 1102 916 imis
1115 868 1146 915 ad
1159 882 1259 917 summa

135 961 162 1003 ct
182 954 217 1003 sic
237 966 318 1015 gnaro
336 957 361 1000 et
376 951 448 1014 quasi
464 950 570 1014 pedibus
588 964 734 1013 permenso,
756 951 799 1013 qui
820 950 914 1013 gradus
935 957 1018 1000 essent
1038 965 1071 999 ex
1091 951 1259 1002 abiectissimum

135 1037 282 1087 humilitate
299 1042 324 1085 et
340 1034 457 1084 maximin
474 1035 599 1084 aerumnis
616 1036 648 1083 ad
665 1036 830 1084 editissimum
847 1033 977 1098 fastigium
998 1034 1093 1097 glonae
1110 1042 1135 1083 et
1152 1034 1257 1085 affluen-

135 1123 193 1170 tiae.
212 1119 284 1168 Idem
298 1119 342 1168 lib.
355 1125 370 1167 4
384 1117 431 1180 [ve.
445 1116 500 1180 48]:
1109 1124 1112 1128 ·

340 1201 463 1251 Hactenus
474 1216 592 1250 annnorum
605 1200 749 1251 discrimina.
768 1209 862 1251 caetera
875 1200 932 1251 bello

75 1344 78 1352 ι
340 1286 406 1335 Fata
417 1283 483 1334 dedit
494 1286 568 1335 variis
579 1285 680 1334 incertus
692 1286 790 1334 motibus
802 1302 851 1334 aer.

136 1373 180 1424 Sic
194 1372 287 1421 Florus
304 1370 368 1420 dixit
384 1367 479 1420 iudices
487 1369 550 1431 scta
559 1371 721 1433 fortunasque
735 1369 871 1433 principum
888 1368 976 1417 habere
991 1369 1015 1418 in
1033 1385 1104 1417 manu
1120 1370 1162 1419 lib.
1181 1376 1208 1429 2,
1228 1372 1257 1419 17

137 1455 293 1521 [ponunt-i,
310 1458 354 1516 17,
371 1460 395 1504 3.
414 1460 442 1514 2,
462 1461 485 1503 5.
503 1451 590 1515 Iahn].
618 1454 660 1504 Sic
677 1455 783 1504 Latinus
799 1455 910 1504 Pacatus
931 1449 970 1515 [in
986 1455 1111 1518 Panegyr.
1129 1454 1257 1503 Theodos.

136 1545 179 1602 27,
190 1537 218 1602 3]
235 1537 325 1588 nullam
341 1537 452 1587 maiorem
468 1553 517 1586 esce
529 1537 664 1602 principum
674 1536 827 1601 felicitatem,
844 1553 914 1601 quam
924 1538 1014 1603 secisse
1023 1535 1133 1600 seiicem,
1150 1544 1173 1584 et
1188 1535 1260 1585 inter·

136 1625 232 1674 canum
247 1621 350 1687 inopiae,
368 1630 390 1670 et
407 1622 488 1672 vicisse
497 1623 634 1685 fortunam,
651 1630 674 1671 et
691 1620 782 1672 dedisse
799 1621 888 1671 domini
903 1639 986 1672 novum
997 1623 1089 1687 satum.
1116 1621 1171 1672 Nec
1189 1622 1259 1671 dissi·

136 1709 288 1759 mulandum
304 1706 352 1757 fuit
367 1703 398 1756 τὸ
416 1722 446 1755 cx
457 1722 487 1755 ea
498 1706 569 1771 unpi.
581 1722 641 1757 nam
652 1708 697 1756 lib.
710 1713 752 1770 36,
766 1714 798 1758 20
812 1705 864 1770 [38,
879 1705 940 1770 147]
957 1709 1034 1758 huius
1051 1706 1149 1771 generis
1166 1707 1257 1756 andro-

136 1795 281 1841 damantem
302 1789 400 1840 reddere
422 1792 459 1841 ait
478 1807 570 1840 succum
590 1792 743 1856 canpaineum
765 1800 788 1839 et
809 1790 913 1840 ennead
927 1791 1036 1840 iocinoris
1053 1790 1112 1839 vitia
1131 1788 1261 1854 praecipui

136 1873 244 1924 remedii.
263 1917 293 1926 ..
311 1876 354 1926 Ex
365 1873 468 1926 Mieceil.
481 1891 505 1938 p.
519 1878 567 1926 852
581 1884 606 1925 et
618 1872 688 1935 858]
