<?xml version="1.0" encoding="UTF-8"?>
<!DOCTYPE html PUBLIC "-//W3C//DTD XHTML 1.0 Transitional//EN"
    "http://www.w3.org/TR/xhtml1/DTD/xhtml1-transitional.dtd">
<html xmlns="http://www.w3.org/1999/xhtml" xml:lang="en" lang="en">
 <head>
  <title>
</title>
<meta http-equiv="Content-Type" content="text/html;charset=utf-8" />
  <meta name='ocr-system' content='tesseract 3.04.00' />
  <meta name='ocr-capabilities' content='ocr_page ocr_carea ocr_par ocr_line ocrx_word'/>
</head>
<body>
  <div class='ocr_page' id='page_1' title='image "./cplinisecundina01grongoog_0405.png"; bbox 0 0 2760 4734; ppageno 0'>
   <div class='ocr_carea' id='block_1_1' title="bbox 165 253 796 316">
    <p class='ocr_par' dir='ltr' id='par_1_1' title="bbox 165 253 796 316">
     <span class='ocr_line' id='line_1_1' title="bbox 165 253 796 316; baseline -0.01 -1"><span class='ocrx_word' id='word_1_1' title='bbox 165 253 205 316; x_wconf 73' lang='lat'><strong>82</strong></span> <span class='ocrx_word' id='word_1_2' title='bbox 654 268 796 310; x_wconf 82' lang='lat' dir='ltr'><strong>anouovr</strong></span> 
     </span>
    </p>
   </div>
   <div class='ocr_carea' id='block_1_2' title="bbox 102 416 1313 4183">
    <p class='ocr_par' dir='ltr' id='par_1_2' title="bbox 163 416 1285 819">
     <span class='ocr_line' id='line_1_2' title="bbox 164 416 1283 484; baseline -0.002 -11"><span class='ocrx_word' id='word_1_3' title='bbox 164 424 237 484; x_wconf 70' lang='lat' dir='ltr'><strong>dese,</strong></span> <span class='ocrx_word' id='word_1_4' title='bbox 249 425 310 472; x_wconf 85' lang='lat' dir='ltr'><strong>dum</strong></span> <span class='ocrx_word' id='word_1_5' title='bbox 323 436 353 470; x_wconf 89' lang='lat' dir='ltr'><strong>ea</strong></span> <span class='ocrx_word' id='word_1_6' title='bbox 363 421 413 470; x_wconf 86' lang='lat' dir='ltr'><strong>soli</strong></span> <span class='ocrx_word' id='word_1_7' title='bbox 425 426 469 468; x_wconf 84' lang='lat' dir='ltr'><strong>aut</strong></span> <span class='ocrx_word' id='word_1_8' title='bbox 481 434 537 468; x_wconf 90' lang='lat' dir='ltr'><strong>cum</strong></span> <span class='ocrx_word' id='word_1_9' title='bbox 551 419 638 482; x_wconf 77' lang='lat' dir='ltr'><strong>paucis</strong></span> <span class='ocrx_word' id='word_1_10' title='bbox 650 425 826 483; x_wconf 71' lang='lat' dir='ltr'>aspernentur:</span> <span class='ocrx_word' id='word_1_11' title='bbox 842 417 879 467; x_wconf 91' lang='lat' dir='ltr'><strong>sie</strong></span> <span class='ocrx_word' id='word_1_12' title='bbox 891 416 921 467; x_wconf 85' lang='lat' dir='ltr'><strong>C.</strong></span> <span class='ocrx_word' id='word_1_13' title='bbox 933 418 1046 468; x_wconf 81' lang='lat' dir='ltr'><strong>Marium</strong></span> <span class='ocrx_word' id='word_1_14' title='bbox 1056 426 1116 482; x_wconf 90' lang='lat' dir='ltr'><strong>post</strong></span> <span class='ocrx_word' id='word_1_15' title='bbox 1128 419 1283 471; x_wconf 87' lang='lat' dir='ltr'><strong>Cimbricam</strong></span> 
     </span>
     <span class='ocr_line' id='line_1_3' title="bbox 165 503 1284 567; baseline 0.001 -11"><span class='ocrx_word' id='word_1_16' title='bbox 165 508 294 556; x_wconf 82' lang='lat' dir='ltr'><strong>victoriam</strong></span> <span class='ocrx_word' id='word_1_17' title='bbox 311 520 363 555; x_wconf 91' lang='lat' dir='ltr'><strong>non</strong></span> <span class='ocrx_word' id='word_1_18' title='bbox 379 505 407 553; x_wconf 93' lang='lat' dir='ltr'><strong>in</strong></span> <span class='ocrx_word' id='word_1_19' title='bbox 422 504 523 567; x_wconf 81' lang='lat' dir='ltr'><strong>scyphis</strong></span> <span class='ocrx_word' id='word_1_20' title='bbox 535 503 681 564; x_wconf 71' lang='lat' dir='ltr'><strong>Mensores,</strong></span> <span class='ocrx_word' id='word_1_21' title='bbox 699 517 752 552; x_wconf 92' lang='lat' dir='ltr'><strong>non</strong></span> <span class='ocrx_word' id='word_1_22' title='bbox 763 503 789 551; x_wconf 93' lang='lat' dir='ltr'><strong>in</strong></span> <span class='ocrx_word' id='word_1_23' title='bbox 806 517 878 562; x_wconf 85' lang='lat' dir='ltr'><strong>auro,</strong></span> <span class='ocrx_word' id='word_1_24' title='bbox 895 504 940 551; x_wconf 90' lang='lat' dir='ltr'><strong>sed</strong></span> <span class='ocrx_word' id='word_1_25' title='bbox 956 504 1055 554; x_wconf 88' lang='lat' dir='ltr'><strong>rusticis</strong></span> <span class='ocrx_word' id='word_1_26' title='bbox 1072 512 1097 553; x_wconf 88' lang='lat' dir='ltr'><strong>et</strong></span> <span class='ocrx_word' id='word_1_27' title='bbox 1112 505 1249 555; x_wconf 67' lang='lat' dir='ltr'><strong>servilibus.</strong></span> <span class='ocrx_word' id='word_1_28' title='bbox 1257 506 1284 557; x_wconf 90' lang='lat' dir='ltr'><strong>in</strong></span> 
     </span>
     <span class='ocr_line' id='line_1_4' title="bbox 165 587 1285 651; baseline -0.001 -11"><span class='ocrx_word' id='word_1_29' title='bbox 165 592 294 641; x_wconf 77' lang='lat' dir='ltr'><strong>cantharis</strong></span> <span class='ocrx_word' id='word_1_30' title='bbox 310 591 512 650; x_wconf 72' lang='lat' dir='ltr'><strong>bibisse‚Tneque</strong></span> <span class='ocrx_word' id='word_1_31' title='bbox 529 588 580 636; x_wconf 94' lang='lat' dir='ltr'><strong>hoc</strong></span> <span class='ocrx_word' id='word_1_32' title='bbox 596 587 725 637; x_wconf 81' lang='lat' dir='ltr'><strong>sordidum</strong></span> <span class='ocrx_word' id='word_1_33' title='bbox 742 594 844 650; x_wconf 86' lang='lat' dir='ltr'><strong>putasse</strong></span> <span class='ocrx_word' id='word_1_34' title='bbox 858 588 989 650; x_wconf 88' lang='lat' dir='ltr'><strong>poculum,</strong></span> <span class='ocrx_word' id='word_1_35' title='bbox 1007 603 1058 651; x_wconf 93' lang='lat' dir='ltr'><strong>quo</strong></span> <span class='ocrx_word' id='word_1_36' title='bbox 1075 595 1100 639; x_wconf 89' lang='lat' dir='ltr'><strong>et</strong></span> <span class='ocrx_word' id='word_1_37' title='bbox 1114 588 1193 639; x_wconf 88' lang='lat' dir='ltr'><strong>Liber</strong></span> <span class='ocrx_word' id='word_1_38' title='bbox 1208 591 1285 641; x_wconf 86' lang='lat' dir='ltr'><strong>Pater</strong></span> 
     </span>
     <span class='ocr_line' id='line_1_5' title="bbox 163 671 1283 736; baseline -0.002 -11"><span class='ocrx_word' id='word_1_39' title='bbox 163 691 235 725; x_wconf 83' lang='lat' dir='ltr'><strong>usus:</strong></span> <span class='ocrx_word' id='word_1_40' title='bbox 247 677 315 724; x_wconf 90' lang='lat' dir='ltr'><strong>unde</strong></span> <span class='ocrx_word' id='word_1_41' title='bbox 327 681 353 723; x_wconf 88' lang='lat' dir='ltr'><strong>et</strong></span> <span class='ocrx_word' id='word_1_42' title='bbox 364 673 432 736; x_wconf 89' lang='lat' dir='ltr'><strong>apud</strong></span> <span class='ocrx_word' id='word_1_43' title='bbox 444 674 604 721; x_wconf 77' lang='lat' dir='ltr'><strong>educatorem</strong></span> <span class='ocrx_word' id='word_1_44' title='bbox 617 672 670 722; x_wconf 85' lang='lat' dir='ltr'><strong>eius</strong></span> <span class='ocrx_word' id='word_1_45' title='bbox 682 672 848 721; x_wconf 82' lang='lat' dir='ltr'><strong>dormientem</strong></span> <span class='ocrx_word' id='word_1_46' title='bbox 858 671 940 734; x_wconf 75' lang='lat' dir='ltr'><strong>prauis</strong></span> <span class='ocrx_word' id='word_1_47' title='bbox 956 671 1042 720; x_wconf 88' lang='lat' dir='ltr'><strong>attrita</strong></span> <span class='ocrx_word' id='word_1_48' title='bbox 1055 671 1174 735; x_wconf 78' lang='lat' dir='ltr'><strong>pendebat</strong></span> <span class='ocrx_word' id='word_1_49' title='bbox 1184 673 1283 723; x_wconf 74' lang='lat' dir='ltr'><strong>malba-</strong></span> 
     </span>
     <span class='ocr_line' id='line_1_6' title="bbox 165 753 1071 819; baseline 0 -14"><span class='ocrx_word' id='word_1_50' title='bbox 165 767 206 806; x_wconf 85' lang='lat' dir='ltr'><strong>rns</strong></span> <span class='ocrx_word' id='word_1_51' title='bbox 218 772 280 805; x_wconf 86' lang='lat' dir='ltr'><strong>ansa</strong></span> <span class='ocrx_word' id='word_1_52' title='bbox 299 755 404 819; x_wconf 86' lang='lat' dir='ltr'><strong>[Virgil.</strong></span> <span class='ocrx_word' id='word_1_53' title='bbox 416 756 507 818; x_wconf 83' lang='lat' dir='ltr'><strong>Eclog.</strong></span> <span class='ocrx_word' id='word_1_54' title='bbox 522 759 545 816; x_wconf 86' lang='grc'><strong>6,</strong></span> <span class='ocrx_word' id='word_1_55' title='bbox 560 753 611 816; x_wconf 90' lang='grc'>17].</span> <span class='ocrx_word' id='word_1_56' title='bbox 629 756 747 805; x_wconf 75' lang='lat' dir='ltr'><strong>Valesius</strong></span> <span class='ocrx_word' id='word_1_57' title='bbox 758 756 888 805; x_wconf 79' lang='lat' dir='ltr'><strong>Maximus</strong></span> <span class='ocrx_word' id='word_1_58' title='bbox 900 755 943 804; x_wconf 90' lang='lat' dir='ltr'><strong>lib.</strong></span> <span class='ocrx_word' id='word_1_59' title='bbox 956 762 979 816; x_wconf 80' lang='lat'><strong>3,</strong></span> <span class='ocrx_word' id='word_1_60' title='bbox 993 761 1007 805; x_wconf 87' lang='grc'><strong>6</strong></span> <span class='ocrx_word' id='word_1_61' title='bbox 1021 754 1034 818; x_wconf 94' lang='grc'>[</span> <span class='ocrx_word' id='word_1_62' title='bbox 1049 754 1071 817; x_wconf 88' lang='grc'><strong>].</strong></span> 
     </span>
    </p>

    <p class='ocr_par' dir='ltr' id='par_1_3' title="bbox 162 838 1313 2332">
     <span class='ocr_line' id='line_1_7' title="bbox 197 838 1284 902; baseline 0 -11"><span class='ocrx_word' id='word_1_63' title='bbox 197 842 262 891; x_wconf 76' lang='lat' dir='ltr'><strong>Car.</strong></span> <span class='ocrx_word' id='word_1_64' title='bbox 274 841 336 891; x_wconf 90' lang='lat' dir='ltr'>XII.</span> <span class='ocrx_word' id='word_1_65' title='bbox 351 839 403 902; x_wconf 79' lang='grc'><strong>[54,</strong></span> <span class='ocrx_word' id='word_1_66' title='bbox 418 838 477 902; x_wconf 84' lang='grc'><strong>151]</strong></span> <span class='ocrx_word' id='word_1_67' title='bbox 501 838 568 896; x_wconf 76' lang='lat' dir='ltr'><strong>Quae</strong></span> <span class='ocrx_word' id='word_1_68' title='bbox 584 838 680 887; x_wconf 82' lang='lat' dir='ltr'><strong>induere</strong></span> <span class='ocrx_word' id='word_1_69' title='bbox 696 855 784 887; x_wconf 85' lang='lat' dir='ltr'><strong>aureas</strong></span> <span class='ocrx_word' id='word_1_70' title='bbox 799 855 848 886; x_wconf 85' lang='lat' dir='ltr'><strong>mos</strong></span> <span class='ocrx_word' id='word_1_71' title='bbox 861 838 940 889; x_wconf 84' lang='lat' dir='ltr'><strong>tritior</strong></span> <span class='ocrx_word' id='word_1_72' title='bbox 951 838 1025 901; x_wconf 89' lang='lat' dir='ltr'><strong>vetat]</strong></span> <span class='ocrx_word' id='word_1_73' title='bbox 1045 842 1163 892; x_wconf 83' lang='lat' dir='ltr'><strong>Andreas</strong></span> <span class='ocrx_word' id='word_1_74' title='bbox 1174 848 1200 891; x_wconf 90' lang='lat' dir='ltr'><strong>et</strong></span> <span class='ocrx_word' id='word_1_75' title='bbox 1211 849 1284 891; x_wconf 82' lang='lat' dir='ltr'><strong>vetu-</strong></span> 
     </span>
     <span class='ocr_line' id='line_1_8' title="bbox 163 923 1284 989; baseline -0.003 -12"><span class='ocrx_word' id='word_1_76' title='bbox 163 928 258 984; x_wconf 82' lang='lat' dir='ltr'><strong>stiores,</strong></span> <span class='ocrx_word' id='word_1_77' title='bbox 270 942 320 974; x_wconf 86' lang='lat' dir='ltr'><strong>mos</strong></span> <span class='ocrx_word' id='word_1_78' title='bbox 332 924 428 974; x_wconf 73' lang='lat' dir='ltr'><strong>tristior.</strong></span> <span class='ocrx_word' id='word_1_79' title='bbox 447 924 497 975; x_wconf 84' lang='lat' dir='ltr'><strong>Sed</strong></span> <span class='ocrx_word' id='word_1_80' title='bbox 509 932 627 974; x_wconf 88' lang='lat' dir='ltr'><strong>neutrum</strong></span> <span class='ocrx_word' id='word_1_81' title='bbox 639 924 702 973; x_wconf 89' lang='lat' dir='ltr'><strong>assis</strong></span> <span class='ocrx_word' id='word_1_82' title='bbox 714 930 752 974; x_wconf 89' lang='lat' dir='ltr'><strong>est</strong></span> <span class='ocrx_word' id='word_1_83' title='bbox 763 924 846 973; x_wconf 91' lang='lat' dir='ltr'><strong>unius.</strong></span> <span class='ocrx_word' id='word_1_84' title='bbox 869 923 959 986; x_wconf 89' lang='lat' dir='ltr'><strong>Itaque</strong></span> <span class='ocrx_word' id='word_1_85' title='bbox 970 925 1021 974; x_wconf 87' lang='lat' dir='ltr'><strong>Th.</strong></span> <span class='ocrx_word' id='word_1_86' title='bbox 1034 925 1167 975; x_wconf 86' lang='lat' dir='ltr'><strong>Reinesius</strong></span> <span class='ocrx_word' id='word_1_87' title='bbox 1179 940 1229 975; x_wconf 84' lang='lat' dir='ltr'><strong>mos</strong></span> <span class='ocrx_word' id='word_1_88' title='bbox 1238 943 1284 989; x_wconf 80' lang='lat' dir='ltr'><strong>pa·</strong></span> 
     </span>
     <span class='ocr_line' id='line_1_9' title="bbox 164 1009 1285 1074; baseline -0.001 -14"><span class='ocrx_word' id='word_1_89' title='bbox 164 1012 292 1071; x_wconf 66' lang='lat' dir='ltr'><strong>tritioran</strong></span> <span class='ocrx_word' id='word_1_90' title='bbox 308 1012 352 1074; x_wconf 91' lang='lat' dir='ltr'><strong>qui</strong></span> <span class='ocrx_word' id='word_1_91' title='bbox 368 1010 464 1060; x_wconf 89' lang='lat' dir='ltr'><strong>scilicet</strong></span> <span class='ocrx_word' id='word_1_92' title='bbox 478 1011 591 1074; x_wconf 89' lang='lat' dir='ltr'><strong>plebeias</strong></span> <span class='ocrx_word' id='word_1_93' title='bbox 603 1009 726 1059; x_wconf 86' lang='lat' dir='ltr'><strong>foeminas</strong></span> <span class='ocrx_word' id='word_1_94' title='bbox 738 1009 904 1072; x_wconf 83' lang='lat' dir='ltr'><strong>prohibuerit,</strong></span> <span class='ocrx_word' id='word_1_95' title='bbox 921 1024 953 1057; x_wconf 92' lang='lat' dir='ltr'><strong>ne</strong></span> <span class='ocrx_word' id='word_1_96' title='bbox 965 1023 996 1058; x_wconf 88' lang='lat' dir='ltr'><strong>eo</strong></span> <span class='ocrx_word' id='word_1_97' title='bbox 1008 1010 1086 1059; x_wconf 87' lang='lat' dir='ltr'><strong>luxus</strong></span> <span class='ocrx_word' id='word_1_98' title='bbox 1097 1009 1245 1073; x_wconf 83' lang='lat' dir='ltr'><strong>aspirarent,</strong></span> <span class='ocrx_word' id='word_1_99' title='bbox 1259 1018 1285 1060; x_wconf 91' lang='lat' dir='ltr'><strong>et</strong></span> 
     </span>
     <span class='ocr_line' id='line_1_10' title="bbox 164 1093 1313 1158; baseline -0.002 -14"><span class='ocrx_word' id='word_1_100' title='bbox 164 1097 302 1144; x_wconf 84' lang='lat' dir='ltr'><strong>excluserit</strong></span> <span class='ocrx_word' id='word_1_101' title='bbox 317 1096 370 1144; x_wconf 89' lang='lat' dir='ltr'><strong>auri</strong></span> <span class='ocrx_word' id='word_1_102' title='bbox 387 1110 436 1144; x_wconf 89' lang='lat' dir='ltr'><strong>usu</strong></span> <span class='ocrx_word' id='word_1_103' title='bbox 451 1094 479 1142; x_wconf 90' lang='lat' dir='ltr'><strong>in</strong></span> <span class='ocrx_word' id='word_1_104' title='bbox 496 1095 668 1158; x_wconf 90' lang='lat' dir='ltr'><strong>compedibus,</strong></span> <span class='ocrx_word' id='word_1_105' title='bbox 682 1101 705 1143; x_wconf 79' lang='lat'><strong>2.</strong></span> <span class='ocrx_word' id='word_1_106' title='bbox 717 1095 779 1142; x_wconf 83' lang='lat' dir='ltr'><strong>Ver.</strong></span> <span class='ocrx_word' id='word_1_107' title='bbox 791 1094 848 1141; x_wconf 88' lang='lat' dir='ltr'><strong>lect.</strong></span> <span class='ocrx_word' id='word_1_108' title='bbox 863 1096 885 1141; x_wconf 84' lang='lat'><strong>7.</strong></span> <span class='ocrx_word' id='word_1_109' title='bbox 911 1095 981 1142; x_wconf 89' lang='lat' dir='ltr'><strong>Men.</strong></span> <span class='ocrx_word' id='word_1_110' title='bbox 993 1094 1074 1143; x_wconf 90' lang='lat' dir='ltr'><strong>Acad.</strong></span> <span class='ocrx_word' id='word_1_111' title='bbox 1087 1093 1154 1144; x_wconf 80' lang='lat' dir='ltr'><strong>Gud.</strong></span> <span class='ocrx_word' id='word_1_112' title='bbox 1170 1109 1232 1156; x_wconf 79' lang='lat' dir='ltr'><strong>quas</strong></span> <span class='ocrx_word' id='word_1_113' title='bbox 1248 1093 1285 1142; x_wconf 88' lang='lat' dir='ltr'><strong>in-</strong></span> <span class='ocrx_word' id='word_1_114' title='bbox 1308 1096 1313 1102; x_wconf 82' lang='grc'><em>’</em></span> 
     </span>
     <span class='ocr_line' id='line_1_11' title="bbox 163 1160 1284 1239; baseline -0.002 -12"><span class='ocrx_word' id='word_1_115' title='bbox 163 1177 233 1228; x_wconf 73' lang='lat' dir='ltr'><strong>tuae</strong></span> <span class='ocrx_word' id='word_1_116' title='bbox 244 1195 331 1227; x_wconf 87' lang='lat' dir='ltr'><strong>aureas</strong></span> <span class='ocrx_word' id='word_1_117' title='bbox 342 1186 422 1238; x_wconf 83' lang='lat' dir='ltr'><strong>uestes,</strong></span> <span class='ocrx_word' id='word_1_118' title='bbox 438 1175 539 1225; x_wconf 82' lang='lat' dir='ltr'><strong>uidimus</strong></span> <span class='ocrx_word' id='word_1_119' title='bbox 554 1184 577 1224; x_wconf 90' lang='lat' dir='ltr'><strong>et</strong></span> <span class='ocrx_word' id='word_1_120' title='bbox 592 1177 617 1225; x_wconf 88' lang='lat' dir='ltr'><strong>in</strong></span> <span class='ocrx_word' id='word_1_121' title='bbox 633 1177 688 1239; x_wconf 86' lang='lat' dir='ltr'><strong>ipsa</strong></span> <span class='ocrx_word' id='word_1_122' title='bbox 698 1175 822 1224; x_wconf 86' lang='lat' dir='ltr'><strong>Aureliam</strong></span> <span class='ocrx_word' id='word_1_123' title='bbox 834 1176 945 1237; x_wconf 75' lang='lat' dir='ltr'><strong>Euenum.</strong></span> <span class='ocrx_word' id='word_1_124' title='bbox 964 1160 1092 1225; x_wconf 78' lang='lat' dir='ltr'><strong>Eximius:</strong></span> <span class='ocrx_word' id='word_1_125' title='bbox 1109 1192 1172 1239; x_wconf 83' lang='lat' dir='ltr'><strong>quas</strong></span> <span class='ocrx_word' id='word_1_126' title='bbox 1188 1175 1284 1225; x_wconf 83' lang='lat' dir='ltr'><strong>induere</strong></span> 
     </span>
     <span class='ocr_line' id='line_1_12' title="bbox 163 1258 1285 1324; baseline -0.002 -12"><span class='ocrx_word' id='word_1_127' title='bbox 163 1280 250 1313; x_wconf 89' lang='lat' dir='ltr'><strong>aureas</strong></span> <span class='ocrx_word' id='word_1_128' title='bbox 265 1262 409 1311; x_wconf 67' lang='lat' dir='ltr'><strong>menstruior</strong></span> <span class='ocrx_word' id='word_1_129' title='bbox 425 1270 486 1310; x_wconf 88' lang='lat' dir='ltr'><strong>uetet</strong></span> <span class='ocrx_word' id='word_1_130' title='bbox 500 1260 602 1310; x_wconf 83' lang='lat' dir='ltr'><strong>uidimus</strong></span> <span class='ocrx_word' id='word_1_131' title='bbox 619 1269 642 1310; x_wconf 91' lang='lat' dir='ltr'><strong>et</strong></span> <span class='ocrx_word' id='word_1_132' title='bbox 657 1260 682 1308; x_wconf 88' lang='lat' dir='ltr'><strong>in</strong></span> <span class='ocrx_word' id='word_1_133' title='bbox 700 1261 748 1324; x_wconf 75' lang='lat' dir='ltr'><strong>ipsi</strong></span> <span class='ocrx_word' id='word_1_134' title='bbox 761 1258 893 1308; x_wconf 84' lang='lat' dir='ltr'><strong>Aurelium.</strong></span> <span class='ocrx_word' id='word_1_135' title='bbox 919 1259 1084 1310; x_wconf 74' lang='lat' dir='ltr'><strong>scribendum</strong></span> <span class='ocrx_word' id='word_1_136' title='bbox 1100 1275 1202 1311; x_wconf 85' lang='lat' dir='ltr'><strong>censeo:</strong></span> <span class='ocrx_word' id='word_1_137' title='bbox 1224 1277 1285 1324; x_wconf 84' lang='lat' dir='ltr'><strong>quaa</strong></span> 
     </span>
     <span class='ocr_line' id='line_1_13' title="bbox 163 1345 1285 1409; baseline -0.003 -12"><span class='ocrx_word' id='word_1_138' title='bbox 163 1347 259 1398; x_wconf 84' lang='lat' dir='ltr'><strong>induere</strong></span> <span class='ocrx_word' id='word_1_139' title='bbox 276 1363 362 1397; x_wconf 84' lang='lat' dir='ltr'><strong>aureas</strong></span> <span class='ocrx_word' id='word_1_140' title='bbox 378 1363 428 1396; x_wconf 83' lang='lat' dir='ltr'><strong>snos</strong></span> <span class='ocrx_word' id='word_1_141' title='bbox 443 1345 571 1403; x_wconf 78' lang='lat' dir='ltr'><strong>Quiritium</strong></span> <span class='ocrx_word' id='word_1_142' title='bbox 587 1353 653 1394; x_wconf 86' lang='lat' dir='ltr'><strong>vetet.</strong></span> <span class='ocrx_word' id='word_1_143' title='bbox 680 1346 730 1395; x_wconf 92' lang='lat' dir='ltr'><strong>Hic</strong></span> <span class='ocrx_word' id='word_1_144' title='bbox 747 1346 812 1409; x_wconf 90' lang='lat' dir='ltr'><strong>plus,</strong></span> <span class='ocrx_word' id='word_1_145' title='bbox 833 1345 931 1407; x_wconf 88' lang='lat' dir='ltr'><strong>opinor,</strong></span> <span class='ocrx_word' id='word_1_146' title='bbox 952 1345 1051 1408; x_wconf 89' lang='lat' dir='ltr'><strong>imperii</strong></span> <span class='ocrx_word' id='word_1_147' title='bbox 1068 1346 1186 1406; x_wconf 86' lang='lat' dir='ltr'><strong>habebat,</strong></span> <span class='ocrx_word' id='word_1_148' title='bbox 1208 1360 1285 1408; x_wconf 88' lang='lat' dir='ltr'><strong>quam</strong></span> 
     </span>
     <span class='ocr_line' id='line_1_14' title="bbox 163 1427 1285 1495; baseline -0.004 -13"><span class='ocrx_word' id='word_1_149' title='bbox 163 1448 219 1482; x_wconf 88' lang='lat' dir='ltr'><strong>mos</strong></span> <span class='ocrx_word' id='word_1_150' title='bbox 235 1433 406 1495; x_wconf 88' lang='lat' dir='ltr'><strong>patriciorum.</strong></span> <span class='ocrx_word' id='word_1_151' title='bbox 436 1431 510 1480; x_wconf 83' lang='lat' dir='ltr'><strong>Solet</strong></span> <span class='ocrx_word' id='word_1_152' title='bbox 525 1438 610 1479; x_wconf 85' lang='lat' dir='ltr'><strong>autem</strong></span> <span class='ocrx_word' id='word_1_153' title='bbox 628 1430 726 1478; x_wconf 89' lang='lat' dir='ltr'><strong>Plinius</strong></span> <span class='ocrx_word' id='word_1_154' title='bbox 747 1427 852 1485; x_wconf 77' lang='lat' dir='ltr'><strong>Quirites</strong></span> <span class='ocrx_word' id='word_1_155' title='bbox 873 1443 921 1491; x_wconf 91' lang='lat' dir='ltr'><strong>pro</strong></span> <span class='ocrx_word' id='word_1_156' title='bbox 940 1429 1039 1492; x_wconf 91' lang='lat' dir='ltr'><strong>populo</strong></span> <span class='ocrx_word' id='word_1_157' title='bbox 1055 1429 1173 1480; x_wconf 88' lang='lat' dir='ltr'><strong>Romano</strong></span> <span class='ocrx_word' id='word_1_158' title='bbox 1193 1431 1285 1480; x_wconf 88' lang='lat' dir='ltr'><strong>dicere.</strong></span> 
     </span>
     <span class='ocr_line' id='line_1_15' title="bbox 163 1511 1284 1577; baseline -0.004 -11"><span class='ocrx_word' id='word_1_159' title='bbox 163 1516 206 1566; x_wconf 87' lang='lat' dir='ltr'><strong>Sic</strong></span> <span class='ocrx_word' id='word_1_160' title='bbox 217 1516 260 1565; x_wconf 88' lang='lat' dir='ltr'><strong>lib.</strong></span> <span class='ocrx_word' id='word_1_161' title='bbox 276 1522 315 1576; x_wconf 86' lang='lat' dir='ltr'><strong>ll,</strong></span> <span class='ocrx_word' id='word_1_162' title='bbox 329 1519 360 1566; x_wconf 82' lang='lat'><strong>³7</strong></span> <span class='ocrx_word' id='word_1_163' title='bbox 375 1513 427 1576; x_wconf 86' lang='lat'><strong>[55,</strong></span> <span class='ocrx_word' id='word_1_164' title='bbox 442 1512 516 1575; x_wconf 85' lang='lat'>150]:</span> <span class='ocrx_word' id='word_1_165' title='bbox 538 1512 664 1570; x_wconf 79' lang='lat' dir='ltr'><strong>Quiritium</strong></span> <span class='ocrx_word' id='word_1_166' title='bbox 677 1529 761 1577; x_wconf 75' lang='lat' dir='ltr'><strong>mopso</strong></span> <span class='ocrx_word' id='word_1_167' title='bbox 773 1513 821 1560; x_wconf 88' lang='lat' dir='ltr'><strong>ritu</strong></span> <span class='ocrx_word' id='word_1_168' title='bbox 832 1528 925 1560; x_wconf 85' lang='lat' dir='ltr'><strong>sacrum</strong></span> <span class='ocrx_word' id='word_1_169' title='bbox 937 1519 979 1574; x_wconf 82' lang='lat' dir='ltr'><strong>est,</strong></span> <span class='ocrx_word' id='word_1_170' title='bbox 996 1512 1032 1563; x_wconf 88' lang='lat' dir='ltr'><strong>ita</strong></span> <span class='ocrx_word' id='word_1_171' title='bbox 1044 1529 1108 1561; x_wconf 87' lang='lat' dir='ltr'><strong>more</strong></span> <span class='ocrx_word' id='word_1_172' title='bbox 1119 1511 1218 1572; x_wconf 83' lang='lat' dir='ltr'><strong>condito,</strong></span> <span class='ocrx_word' id='word_1_173' title='bbox 1236 1522 1284 1562; x_wconf 86' lang='lat' dir='ltr'><strong>etc.</strong></span> 
     </span>
     <span class='ocr_line' id='line_1_16' title="bbox 163 1595 1306 1660; baseline -0.002 -13"><span class='ocrx_word' id='word_1_174' title='bbox 163 1600 206 1648; x_wconf 87' lang='lat' dir='ltr'><strong>lib.</strong></span> <span class='ocrx_word' id='word_1_175' title='bbox 223 1604 269 1658; x_wconf 79' lang='lat'><strong>33,</strong></span> <span class='ocrx_word' id='word_1_176' title='bbox 289 1603 320 1649; x_wconf 88' lang='lat'><strong>10</strong></span> <span class='ocrx_word' id='word_1_177' title='bbox 338 1596 396 1659; x_wconf 74' lang='lat'><strong>[4⁵1,</strong></span> <span class='ocrx_word' id='word_1_178' title='bbox 416 1595 476 1658; x_wconf 80' lang='lat'>1³4]</span> <span class='ocrx_word' id='word_1_179' title='bbox 502 1596 631 1654; x_wconf 77' lang='lat' dir='ltr'><strong>Qniritium</strong></span> <span class='ocrx_word' id='word_1_180' title='bbox 648 1605 703 1660; x_wconf 87' lang='lat' dir='ltr'><strong>post</strong></span> <span class='ocrx_word' id='word_1_181' title='bbox 720 1595 812 1647; x_wconf 80' lang='lat' dir='ltr'><strong>Sullam</strong></span> <span class='ocrx_word' id='word_1_182' title='bbox 836 1595 971 1646; x_wconf 72' lang='lat' dir='ltr'><strong>ditnsintus.</strong></span> <span class='ocrx_word' id='word_1_183' title='bbox 999 1597 1179 1660; x_wconf 80' lang='lat' dir='ltr'><strong>Cogitaveram</strong></span> <span class='ocrx_word' id='word_1_184' title='bbox 1198 1599 1285 1658; x_wconf 89' lang='lat' dir='ltr'><strong>etiam,</strong></span> <span class='ocrx_word' id='word_1_185' title='bbox 1304 1616 1306 1620; x_wconf 51' lang='lat'><strong><em>⁴</em></strong></span> 
     </span>
     <span class='ocr_line' id='line_1_17' title="bbox 163 1670 1297 1746; baseline -0.001 -15"><span class='ocrx_word' id='word_1_186' title='bbox 163 1670 220 1746; x_wconf 74' lang='lat' dir='ltr'><strong>opus</strong></span> <span class='ocrx_word' id='word_1_187' title='bbox 231 1681 358 1730; x_wconf 75' lang='lat' dir='ltr'><strong>samarium</strong></span> <span class='ocrx_word' id='word_1_188' title='bbox 371 1689 438 1730; x_wconf 84' lang='lat' dir='ltr'><strong>vetet.</strong></span> <span class='ocrx_word' id='word_1_189' title='bbox 456 1682 507 1732; x_wconf 83' lang='lat' dir='ltr'><strong>Sed</strong></span> <span class='ocrx_word' id='word_1_190' title='bbox 518 1681 583 1730; x_wconf 90' lang='lat' dir='ltr'><strong>illud</strong></span> <span class='ocrx_word' id='word_1_191' title='bbox 595 1681 740 1744; x_wconf 88' lang='lat' dir='ltr'><strong>simplicius.</strong></span> <span class='ocrx_word' id='word_1_192' title='bbox 759 1680 837 1742; x_wconf 83' lang='lat' dir='ltr'><strong>Quod</strong></span> <span class='ocrx_word' id='word_1_193' title='bbox 852 1682 972 1744; x_wconf 86' lang='lat' dir='ltr'><strong>seqnitur,</strong></span> <span class='ocrx_word' id='word_1_194' title='bbox 988 1681 1040 1731; x_wconf 89' lang='lat' dir='ltr'><strong>ism</strong></span> <span class='ocrx_word' id='word_1_195' title='bbox 1058 1682 1158 1730; x_wconf 83' lang='lat' dir='ltr'><strong>noterit</strong></span> <span class='ocrx_word' id='word_1_196' title='bbox 1169 1682 1297 1732; x_wconf 67' lang='lat' dir='ltr'><strong>Hermai·</strong></span> 
     </span>
     <span class='ocr_line' id='line_1_18' title="bbox 163 1762 1285 1828; baseline -0.003 -13"><span class='ocrx_word' id='word_1_197' title='bbox 163 1767 190 1816; x_wconf 88' lang='lat' dir='ltr'><strong>in</strong></span> <span class='ocrx_word' id='word_1_198' title='bbox 202 1767 280 1828; x_wconf 88' lang='lat' dir='ltr'><strong>antiq.</strong></span> <span class='ocrx_word' id='word_1_199' title='bbox 293 1767 365 1814; x_wconf 92' lang='lat' dir='ltr'><strong>codd.</strong></span> <span class='ocrx_word' id='word_1_200' title='bbox 378 1765 505 1814; x_wconf 81' lang='lat' dir='ltr'><strong>exhiberi:</strong></span> <span class='ocrx_word' id='word_1_201' title='bbox 522 1765 551 1812; x_wconf 91' lang='lat' dir='ltr'><strong>ob</strong></span> <span class='ocrx_word' id='word_1_202' title='bbox 565 1764 678 1828; x_wconf 80' lang='lat' dir='ltr'><strong>insipnera</strong></span> <span class='ocrx_word' id='word_1_203' title='bbox 695 1780 747 1813; x_wconf 84' lang='lat' dir='ltr'><strong>cum</strong></span> <span class='ocrx_word' id='word_1_204' title='bbox 763 1762 896 1812; x_wconf 84' lang='lat' dir='ltr'><strong>celebritate</strong></span> <span class='ocrx_word' id='word_1_205' title='bbox 913 1764 1089 1813; x_wconf 68' lang='lat' dir='ltr'><strong>sarmationem</strong></span> <span class='ocrx_word' id='word_1_206' title='bbox 1102 1763 1285 1814; x_wconf 81' lang='lat' dir='ltr'><strong>adolescentium</strong></span> 
     </span>
     <span class='ocr_line' id='line_1_19' title="bbox 162 1848 1284 1910; baseline -0.001 -12"><span class='ocrx_word' id='word_1_207' title='bbox 162 1849 263 1900; x_wconf 64' lang='lat' dir='ltr'><strong>seboim.</strong></span> <span class='ocrx_word' id='word_1_208' title='bbox 281 1850 336 1900; x_wconf 85' lang='lat' dir='ltr'><strong>Nec</strong></span> <span class='ocrx_word' id='word_1_209' title='bbox 351 1849 425 1898; x_wconf 88' lang='lat' dir='ltr'><strong>aliter</strong></span> <span class='ocrx_word' id='word_1_210' title='bbox 441 1848 561 1897; x_wconf 87' lang='lat' dir='ltr'><strong>credibile</strong></span> <span class='ocrx_word' id='word_1_211' title='bbox 577 1856 616 1897; x_wconf 89' lang='lat' dir='ltr'><strong>est</strong></span> <span class='ocrx_word' id='word_1_212' title='bbox 631 1848 756 1897; x_wconf 86' lang='lat' dir='ltr'><strong>invenisse</strong></span> <span class='ocrx_word' id='word_1_213' title='bbox 771 1849 930 1909; x_wconf 69' lang='lat' dir='ltr'><strong>Rationum,</strong></span> <span class='ocrx_word' id='word_1_214' title='bbox 949 1849 993 1910; x_wconf 90' lang='lat' dir='ltr'><strong>qni</strong></span> <span class='ocrx_word' id='word_1_215' title='bbox 1009 1849 1140 1898; x_wconf 87' lang='lat' dir='ltr'><strong>coniiciat:</strong></span> <span class='ocrx_word' id='word_1_216' title='bbox 1157 1865 1209 1896; x_wconf 86' lang='lat' dir='ltr'><strong>eum</strong></span> <span class='ocrx_word' id='word_1_217' title='bbox 1226 1848 1284 1898; x_wconf 89' lang='lat' dir='ltr'><strong>eele-</strong></span> 
     </span>
     <span class='ocr_line' id='line_1_20' title="bbox 163 1930 1284 1995; baseline 0.003 -14"><span class='ocrx_word' id='word_1_218' title='bbox 163 1935 247 1982; x_wconf 88' lang='lat' dir='ltr'><strong>bratae</strong></span> <span class='ocrx_word' id='word_1_219' title='bbox 258 1933 413 1982; x_wconf 83' lang='lat' dir='ltr'><strong>assectatione</strong></span> <span class='ocrx_word' id='word_1_220' title='bbox 424 1930 604 1980; x_wconf 83' lang='lat' dir='ltr'><strong>adolescentium</strong></span> <span class='ocrx_word' id='word_1_221' title='bbox 616 1930 709 1980; x_wconf 82' lang='lat' dir='ltr'><strong>subolae</strong></span> <span class='ocrx_word' id='word_1_222' title='bbox 721 1948 750 1980; x_wconf 84' lang='lat' dir='ltr'><strong>sa</strong></span> <span class='ocrx_word' id='word_1_223' title='bbox 761 1940 859 1995; x_wconf 75' lang='lat' dir='ltr'><strong>arpenta</strong></span> <span class='ocrx_word' id='word_1_224' title='bbox 870 1930 970 1981; x_wconf 88' lang='lat' dir='ltr'><strong>annulos</strong></span> <span class='ocrx_word' id='word_1_225' title='bbox 981 1930 1100 1983; x_wconf 85' lang='lat' dir='ltr'><strong>baberent.</strong></span> <span class='ocrx_word' id='word_1_226' title='bbox 1117 1932 1193 1983; x_wconf 86' lang='lat' dir='ltr'><strong>Certe</strong></span> <span class='ocrx_word' id='word_1_227' title='bbox 1204 1934 1284 1984; x_wconf 81' lang='lat' dir='ltr'><strong>nostri</strong></span> 
     </span>
     <span class='ocr_line' id='line_1_21' title="bbox 162 2014 1285 2079; baseline -0.003 -11"><span class='ocrx_word' id='word_1_228' title='bbox 162 2034 216 2068; x_wconf 90' lang='lat' dir='ltr'><strong>non</strong></span> <span class='ocrx_word' id='word_1_229' title='bbox 232 2019 305 2068; x_wconf 84' lang='lat' dir='ltr'><strong>aliter</strong></span> <span class='ocrx_word' id='word_1_230' title='bbox 320 2017 383 2066; x_wconf 85' lang='lat' dir='ltr'><strong>fere:</strong></span> <span class='ocrx_word' id='word_1_231' title='bbox 404 2014 547 2064; x_wconf 87' lang='lat' dir='ltr'><strong>calumniam</strong></span> <span class='ocrx_word' id='word_1_232' title='bbox 563 2017 652 2078; x_wconf 89' lang='lat' dir='ltr'><strong>utique</strong></span> <span class='ocrx_word' id='word_1_233' title='bbox 667 2017 806 2079; x_wconf 87' lang='lat' dir='ltr'><strong>reperimus</strong></span> <span class='ocrx_word' id='word_1_234' title='bbox 822 2031 960 2079; x_wconf 89' lang='lat' dir='ltr'><strong>nusquam,</strong></span> <span class='ocrx_word' id='word_1_235' title='bbox 978 2017 1025 2066; x_wconf 89' lang='lat' dir='ltr'><strong>etsi</strong></span> <span class='ocrx_word' id='word_1_236' title='bbox 1041 2018 1182 2068; x_wconf 87' lang='lat' dir='ltr'><strong>dissimulet</strong></span> <span class='ocrx_word' id='word_1_237' title='bbox 1196 2017 1285 2068; x_wconf 79' lang='lat' dir='ltr'><strong>Fer-di·</strong></span> 
     </span>
     <span class='ocr_line' id='line_1_22' title="bbox 162 2098 1285 2165; baseline -0.003 -14"><span class='ocrx_word' id='word_1_238' title='bbox 162 2102 269 2151; x_wconf 89' lang='lat' dir='ltr'><strong>naudus.</strong></span> <span class='ocrx_word' id='word_1_239' title='bbox 281 2101 408 2150; x_wconf 88' lang='lat' dir='ltr'><strong>Veniebat</strong></span> <span class='ocrx_word' id='word_1_240' title='bbox 419 2100 466 2150; x_wconf 85' lang='lat' dir='ltr'><strong>sub</strong></span> <span class='ocrx_word' id='word_1_241' title='bbox 477 2115 584 2151; x_wconf 88' lang='lat' dir='ltr'><strong>acumen</strong></span> <span class='ocrx_word' id='word_1_242' title='bbox 596 2101 656 2151; x_wconf 88' lang='lat' dir='ltr'><strong>stili:</strong></span> <span class='ocrx_word' id='word_1_243' title='bbox 670 2100 780 2159; x_wconf 82' lang='lat' dir='ltr'><strong>Fuscum,</strong></span> <span class='ocrx_word' id='word_1_244' title='bbox 793 2108 878 2149; x_wconf 89' lang='lat' dir='ltr'><strong>motum</strong></span> <span class='ocrx_word' id='word_1_245' title='bbox 890 2099 993 2163; x_wconf 86' lang='lat' dir='ltr'><strong>equestri</strong></span> <span class='ocrx_word' id='word_1_246' title='bbox 1004 2098 1094 2162; x_wconf 88' lang='lat' dir='ltr'><strong>ordine,</strong></span> <span class='ocrx_word' id='word_1_247' title='bbox 1106 2102 1135 2153; x_wconf 89' lang='lat' dir='ltr'><strong>ob</strong></span> <span class='ocrx_word' id='word_1_248' title='bbox 1146 2101 1285 2165; x_wconf 81' lang='lat' dir='ltr'><strong>insipnitam</strong></span> 
     </span>
     <span class='ocr_line' id='line_1_23' title="bbox 163 2181 1285 2247; baseline 0 -15"><span class='ocrx_word' id='word_1_249' title='bbox 163 2183 319 2232; x_wconf 80' lang='lat' dir='ltr'><strong>celebritatem</strong></span> <span class='ocrx_word' id='word_1_250' title='bbox 343 2182 512 2232; x_wconf 79' lang='lat' dir='ltr'><strong>adsuetantium</strong></span> <span class='ocrx_word' id='word_1_251' title='bbox 533 2181 714 2232; x_wconf 84' lang='lat' dir='ltr'><strong>adolescentium</strong></span> <span class='ocrx_word' id='word_1_252' title='bbox 734 2182 841 2246; x_wconf 76' lang='lat' dir='ltr'><strong>subolae,</strong></span> <span class='ocrx_word' id='word_1_253' title='bbox 862 2200 891 2232; x_wconf 81' lang='lat' dir='ltr'><strong>ea</strong></span> <span class='ocrx_word' id='word_1_254' title='bbox 916 2192 1014 2247; x_wconf 77' lang='lat' dir='ltr'><strong>arpenta</strong></span> <span class='ocrx_word' id='word_1_255' title='bbox 1034 2183 1135 2234; x_wconf 86' lang='lat' dir='ltr'><strong>annulos</strong></span> <span class='ocrx_word' id='word_1_256' title='bbox 1154 2184 1285 2233; x_wconf 77' lang='lat' dir='ltr'><strong>habentem.</strong></span> 
     </span>
     <span class='ocr_line' id='line_1_24' title="bbox 163 2269 1284 2332; baseline -0.001 -13"><span class='ocrx_word' id='word_1_257' title='bbox 163 2269 295 2331; x_wconf 78' lang='lat' dir='ltr'><strong>significat</strong></span> <span class='ocrx_word' id='word_1_258' title='bbox 305 2269 414 2332; x_wconf 89' lang='lat' dir='ltr'><strong>equestri</strong></span> <span class='ocrx_word' id='word_1_259' title='bbox 426 2283 483 2318; x_wconf 91' lang='lat' dir='ltr'><strong>eum</strong></span> <span class='ocrx_word' id='word_1_260' title='bbox 496 2269 583 2318; x_wconf 90' lang='lat' dir='ltr'><strong>ordine</strong></span> <span class='ocrx_word' id='word_1_261' title='bbox 594 2277 700 2330; x_wconf 88' lang='lat' dir='ltr'><strong>motum,</strong></span> <span class='ocrx_word' id='word_1_262' title='bbox 717 2276 850 2332; x_wconf 81' lang='lat' dir='ltr'><strong>praetextu</strong></span> <span class='ocrx_word' id='word_1_263' title='bbox 866 2269 935 2318; x_wconf 87' lang='lat' dir='ltr'><strong>baud</strong></span> <span class='ocrx_word' id='word_1_264' title='bbox 952 2269 1028 2318; x_wconf 90' lang='lat' dir='ltr'><strong>dubie</strong></span> <span class='ocrx_word' id='word_1_265' title='bbox 1039 2270 1075 2319; x_wconf 89' lang='lat' dir='ltr'><strong>rei</strong></span> <span class='ocrx_word' id='word_1_266' title='bbox 1086 2271 1222 2331; x_wconf 71' lang='lat' dir='ltr'><strong>nomndae,</strong></span> <span class='ocrx_word' id='word_1_267' title='bbox 1239 2284 1284 2320; x_wconf 90' lang='lat' dir='ltr'><strong>seu</strong></span> 
     </span>
    </p>

    <p class='ocr_par' dir='ltr' id='par_1_4' title="bbox 102 2353 1285 3008">
     <span class='ocr_line' id='line_1_25' title="bbox 102 2353 1285 2417; baseline -0.003 -13"><span class='ocrx_word' id='word_1_268' title='bbox 102 2359 150 2404; x_wconf 78' lang='lat'><strong>822</strong></span> <span class='ocrx_word' id='word_1_269' title='bbox 163 2369 238 2404; x_wconf 80' lang='lat' dir='ltr'><strong>verae</strong></span> <span class='ocrx_word' id='word_1_270' title='bbox 255 2369 299 2403; x_wconf 88' lang='lat' dir='ltr'><strong>sau</strong></span> <span class='ocrx_word' id='word_1_271' title='bbox 314 2353 396 2412; x_wconf 86' lang='lat' dir='ltr'><strong>fictae,</strong></span> <span class='ocrx_word' id='word_1_272' title='bbox 415 2355 459 2402; x_wconf 89' lang='lat' dir='ltr'><strong>sed</strong></span> <span class='ocrx_word' id='word_1_273' title='bbox 475 2353 590 2403; x_wconf 87' lang='lat' dir='ltr'><strong>intimam</strong></span> <span class='ocrx_word' id='word_1_274' title='bbox 608 2354 787 2417; x_wconf 88' lang='lat' dir='ltr'><strong>propriamque</strong></span> <span class='ocrx_word' id='word_1_275' title='bbox 805 2355 838 2402; x_wconf 93' lang='lat' dir='ltr'><strong>ob</strong></span> <span class='ocrx_word' id='word_1_276' title='bbox 855 2367 956 2402; x_wconf 89' lang='lat' dir='ltr'><strong>eausam</strong></span> <span class='ocrx_word' id='word_1_277' title='bbox 972 2354 1041 2404; x_wconf 89' lang='lat' dir='ltr'><strong>baud</strong></span> <span class='ocrx_word' id='word_1_278' title='bbox 1057 2353 1142 2413; x_wconf 88' lang='lat' dir='ltr'><strong>aliam,</strong></span> <span class='ocrx_word' id='word_1_279' title='bbox 1159 2369 1238 2416; x_wconf 89' lang='lat' dir='ltr'><strong>quam</strong></span> <span class='ocrx_word' id='word_1_280' title='bbox 1255 2360 1285 2402; x_wconf 89' lang='lat' dir='ltr'><strong>nt</strong></span> 
     </span>
     <span class='ocr_line' id='line_1_26' title="bbox 162 2437 1283 2507; baseline -0.004 -19"><span class='ocrx_word' id='word_1_281' title='bbox 162 2438 352 2507; x_wconf 73' lang='lat' dir='ltr'><strong>refrigeraretur</strong></span> <span class='ocrx_word' id='word_1_282' title='bbox 362 2438 460 2486; x_wconf 80' lang='lat' dir='ltr'><strong>vanitas</strong></span> <span class='ocrx_word' id='word_1_283' title='bbox 472 2437 584 2486; x_wconf 89' lang='lat' dir='ltr'><strong>hominis</strong></span> <span class='ocrx_word' id='word_1_284' title='bbox 596 2451 642 2501; x_wconf 88' lang='lat' dir='ltr'><strong>per</strong></span> <span class='ocrx_word' id='word_1_285' title='bbox 652 2437 782 2500; x_wconf 87' lang='lat' dir='ltr'><strong>publicum</strong></span> <span class='ocrx_word' id='word_1_286' title='bbox 794 2438 918 2487; x_wconf 86' lang='lat' dir='ltr'><strong>trahentis</strong></span> <span class='ocrx_word' id='word_1_287' title='bbox 930 2438 1078 2487; x_wconf 85' lang='lat' dir='ltr'><strong>invidiosam</strong></span> <span class='ocrx_word' id='word_1_288' title='bbox 1094 2445 1120 2486; x_wconf 88' lang='lat' dir='ltr'><strong>et</strong></span> <span class='ocrx_word' id='word_1_289' title='bbox 1134 2437 1186 2485; x_wconf 89' lang='lat' dir='ltr'><strong>iem</strong></span> <span class='ocrx_word' id='word_1_290' title='bbox 1201 2439 1283 2500; x_wconf 84' lang='lat' dir='ltr'><strong>impe-</strong></span> 
     </span>
     <span class='ocr_line' id='line_1_27' title="bbox 163 2521 1284 2586; baseline -0.003 -13"><span class='ocrx_word' id='word_1_291' title='bbox 163 2524 277 2573; x_wconf 86' lang='lat' dir='ltr'><strong>rantibus</strong></span> <span class='ocrx_word' id='word_1_292' title='bbox 294 2527 438 2586; x_wconf 89' lang='lat' dir='ltr'><strong>suspectam</strong></span> <span class='ocrx_word' id='word_1_293' title='bbox 456 2521 557 2570; x_wconf 87' lang='lat' dir='ltr'><strong>turbam</strong></span> <span class='ocrx_word' id='word_1_294' title='bbox 574 2521 785 2572; x_wconf 88' lang='lat' dir='ltr'><strong>scholasticorum</strong></span> <span class='ocrx_word' id='word_1_295' title='bbox 803 2529 828 2569; x_wconf 87' lang='lat' dir='ltr'><strong>et</strong></span> <span class='ocrx_word' id='word_1_296' title='bbox 845 2528 1008 2582; x_wconf 89' lang='lat' dir='ltr'><strong>sectatorum,</strong></span> <span class='ocrx_word' id='word_1_297' title='bbox 1024 2521 1148 2570; x_wconf 90' lang='lat' dir='ltr'><strong>nobilium</strong></span> <span class='ocrx_word' id='word_1_298' title='bbox 1159 2523 1284 2584; x_wconf 83' lang='lat' dir='ltr'><strong>etprbm-</strong></span> 
     </span>
     <span class='ocr_line' id='line_1_28' title="bbox 163 2605 1283 2672; baseline -0.003 -15"><span class='ocrx_word' id='word_1_299' title='bbox 163 2618 264 2672; x_wconf 86' lang='lat' dir='ltr'><strong>ptorum</strong></span> <span class='ocrx_word' id='word_1_300' title='bbox 281 2608 412 2666; x_wconf 86' lang='lat' dir='ltr'><strong>iuvenum,</strong></span> <span class='ocrx_word' id='word_1_301' title='bbox 436 2605 607 2668; x_wconf 87' lang='lat' dir='ltr'><strong>eloquentiam</strong></span> <span class='ocrx_word' id='word_1_302' title='bbox 624 2607 815 2655; x_wconf 86' lang='lat' dir='ltr'><strong>aemulantium.</strong></span> <span class='ocrx_word' id='word_1_303' title='bbox 841 2607 929 2668; x_wconf 91' lang='lat' dir='ltr'><strong>Atque</strong></span> <span class='ocrx_word' id='word_1_304' title='bbox 945 2608 965 2656; x_wconf 91' lang='lat' dir='ltr'><strong>is</strong></span> <span class='ocrx_word' id='word_1_305' title='bbox 982 2622 1039 2655; x_wconf 90' lang='lat' dir='ltr'><strong>cum</strong></span> <span class='ocrx_word' id='word_1_306' title='bbox 1058 2605 1179 2656; x_wconf 85' lang='lat' dir='ltr'><strong>caruisset</strong></span> <span class='ocrx_word' id='word_1_307' title='bbox 1196 2606 1283 2656; x_wconf 90' lang='lat' dir='ltr'><strong>ordine</strong></span> 
     </span>
     <span class='ocr_line' id='line_1_29' title="bbox 163 2689 1284 2754; baseline -0.001 -13"><span class='ocrx_word' id='word_1_308' title='bbox 163 2694 252 2754; x_wconf 90' lang='lat' dir='ltr'><strong>iusque</strong></span> <span class='ocrx_word' id='word_1_309' title='bbox 264 2705 398 2739; x_wconf 88' lang='lat' dir='ltr'><strong>aureorum</strong></span> <span class='ocrx_word' id='word_1_310' title='bbox 409 2689 566 2752; x_wconf 86' lang='lat' dir='ltr'><strong>perdidisset,</strong></span> <span class='ocrx_word' id='word_1_311' title='bbox 576 2698 604 2739; x_wconf 90' lang='lat' dir='ltr'><strong>ut</strong></span> <span class='ocrx_word' id='word_1_312' title='bbox 616 2698 701 2739; x_wconf 84' lang='lat' dir='ltr'><strong>tamen</strong></span> <span class='ocrx_word' id='word_1_313' title='bbox 713 2691 816 2740; x_wconf 88' lang='lat' dir='ltr'><strong>distaret</strong></span> <span class='ocrx_word' id='word_1_314' title='bbox 827 2707 843 2740; x_wconf 89' lang='lat' dir='ltr'><strong>a</strong></span> <span class='ocrx_word' id='word_1_315' title='bbox 854 2690 931 2753; x_wconf 87' lang='lat' dir='ltr'><strong>vulgo</strong></span> <span class='ocrx_word' id='word_1_316' title='bbox 944 2698 970 2740; x_wconf 87' lang='lat' dir='ltr'><strong>et</strong></span> <span class='ocrx_word' id='word_1_317' title='bbox 980 2690 1100 2740; x_wconf 80' lang='lat' dir='ltr'><strong>invidiam</strong></span> <span class='ocrx_word' id='word_1_318' title='bbox 1110 2692 1206 2740; x_wconf 80' lang='lat' dir='ltr'><strong>laceret</strong></span> <span class='ocrx_word' id='word_1_319' title='bbox 1216 2692 1284 2740; x_wconf 82' lang='lat' dir='ltr'><strong>iura-</strong></span> 
     </span>
     <span class='ocr_line' id='line_1_30' title="bbox 163 2774 1284 2836; baseline -0.002 -12"><span class='ocrx_word' id='word_1_320' title='bbox 163 2776 220 2836; x_wconf 88' lang='lat' dir='ltr'><strong>tori,</strong></span> <span class='ocrx_word' id='word_1_321' title='bbox 237 2790 253 2824; x_wconf 89' lang='lat' dir='ltr'><strong>a</strong></span> <span class='ocrx_word' id='word_1_322' title='bbox 269 2788 319 2836; x_wconf 89' lang='lat' dir='ltr'><strong>quo</strong></span> <span class='ocrx_word' id='word_1_323' title='bbox 336 2780 390 2822; x_wconf 88' lang='lat' dir='ltr'><strong>erat</strong></span> <span class='ocrx_word' id='word_1_324' title='bbox 407 2781 517 2833; x_wconf 88' lang='lat' dir='ltr'><strong>notatus,</strong></span> <span class='ocrx_word' id='word_1_325' title='bbox 534 2781 668 2835; x_wconf 86' lang='lat' dir='ltr'><strong>argenteos</strong></span> <span class='ocrx_word' id='word_1_326' title='bbox 685 2775 793 2824; x_wconf 88' lang='lat' dir='ltr'><strong>annulos</strong></span> <span class='ocrx_word' id='word_1_327' title='bbox 809 2775 899 2824; x_wconf 88' lang='lat' dir='ltr'><strong>induit.</strong></span> <span class='ocrx_word' id='word_1_328' title='bbox 923 2774 990 2824; x_wconf 84' lang='lat' dir='ltr'><strong>Satis</strong></span> <span class='ocrx_word' id='word_1_329' title='bbox 1006 2781 1093 2824; x_wconf 85' lang='lat' dir='ltr'><strong>tamen</strong></span> <span class='ocrx_word' id='word_1_330' title='bbox 1110 2784 1148 2825; x_wconf 89' lang='lat' dir='ltr'><strong>est</strong></span> <span class='ocrx_word' id='word_1_331' title='bbox 1163 2775 1284 2826; x_wconf 87' lang='lat' dir='ltr'><strong>credibile</strong></span> 
     </span>
     <span class='ocr_line' id='line_1_31' title="bbox 163 2857 1285 2923; baseline -0.002 -15"><span class='ocrx_word' id='word_1_332' title='bbox 163 2861 231 2908; x_wconf 90' lang='lat' dir='ltr'><strong>hanc</strong></span> <span class='ocrx_word' id='word_1_333' title='bbox 247 2858 387 2908; x_wconf 86' lang='lat' dir='ltr'><strong>censoriam</strong></span> <span class='ocrx_word' id='word_1_334' title='bbox 404 2865 448 2906; x_wconf 86' lang='lat' dir='ltr'><strong>eut</strong></span> <span class='ocrx_word' id='word_1_335' title='bbox 463 2857 579 2918; x_wconf 84' lang='lat' dir='ltr'><strong>magistri</strong></span> <span class='ocrx_word' id='word_1_336' title='bbox 595 2872 695 2923; x_wconf 88' lang='lat' dir='ltr'><strong>morum</strong></span> <span class='ocrx_word' id='word_1_337' title='bbox 711 2859 956 2908; x_wconf 84' lang='lat' dir='ltr'><strong>animadversionem</strong></span> <span class='ocrx_word' id='word_1_338' title='bbox 976 2860 1073 2909; x_wconf 85' lang='lat' dir='ltr'><strong>multos</strong></span> <span class='ocrx_word' id='word_1_339' title='bbox 1093 2860 1116 2908; x_wconf 92' lang='lat' dir='ltr'><strong>ei</strong></span> <span class='ocrx_word' id='word_1_340' title='bbox 1137 2859 1243 2908; x_wconf 84' lang='lat' dir='ltr'><strong>comites</strong></span> <span class='ocrx_word' id='word_1_341' title='bbox 1257 2858 1285 2906; x_wconf 92' lang='lat' dir='ltr'><strong>in</strong></span> 
     </span>
     <span class='ocr_line' id='line_1_32' title="bbox 162 2943 447 3008; baseline -0.004 -16"><span class='ocrx_word' id='word_1_342' title='bbox 162 2943 288 3008; x_wconf 88' lang='lat' dir='ltr'><strong>reliquum</strong></span> <span class='ocrx_word' id='word_1_343' title='bbox 300 2943 447 2992; x_wconf 81' lang='lat' dir='ltr'><strong>detraxisse.</strong></span> 
     </span>
    </p>

    <p class='ocr_par' dir='ltr' id='par_1_5' title="bbox 162 3024 1285 3424">
     <span class='ocr_line' id='line_1_33' title="bbox 199 3024 1284 3090; baseline -0.004 -12"><span class='ocrx_word' id='word_1_344' title='bbox 199 3027 252 3090; x_wconf 83' lang='lat'><strong>[54,</strong></span> <span class='ocrx_word' id='word_1_345' title='bbox 270 3026 329 3089; x_wconf 82' lang='lat'>152]</span> <span class='ocrx_word' id='word_1_346' title='bbox 353 3026 462 3090; x_wconf 76' lang='lat' dir='ltr'><strong>Vapinbe</strong></span> <span class='ocrx_word' id='word_1_347' title='bbox 479 3024 580 3088; x_wconf 82' lang='lat' dir='ltr'><strong>batillis,</strong></span> <span class='ocrx_word' id='word_1_348' title='bbox 597 3025 686 3075; x_wconf 85' lang='lat' dir='ltr'><strong>baltbei</strong></span> <span class='ocrx_word' id='word_1_349' title='bbox 702 3025 796 3075; x_wconf 81' lang='lat' dir='ltr'><strong>laminis</strong></span> <span class='ocrx_word' id='word_1_350' title='bbox 812 3024 936 3090; x_wconf 86' lang='lat' dir='ltr'><strong>crepitent]</strong></span> <span class='ocrx_word' id='word_1_351' title='bbox 955 3027 1014 3076; x_wconf 94' lang='lat' dir='ltr'><strong>Hoc</strong></span> <span class='ocrx_word' id='word_1_352' title='bbox 1029 3028 1061 3075; x_wconf 89' lang='lat' dir='ltr'><strong>ab</strong></span> <span class='ocrx_word' id='word_1_353' title='bbox 1076 3027 1208 3076; x_wconf 87' lang='lat' dir='ltr'><strong>Hermolei</strong></span> <span class='ocrx_word' id='word_1_354' title='bbox 1223 3039 1284 3075; x_wconf 88' lang='lat' dir='ltr'><strong>con-</strong></span> 
     </span>
     <span class='ocr_line' id='line_1_34' title="bbox 162 3109 1284 3175; baseline 0.001 -17"><span class='ocrx_word' id='word_1_355' title='bbox 162 3111 267 3160; x_wconf 84' lang='lat' dir='ltr'><strong>iectura.</strong></span> <span class='ocrx_word' id='word_1_356' title='bbox 285 3112 362 3162; x_wconf 84' lang='lat' dir='ltr'><strong>Voss.</strong></span> <span class='ocrx_word' id='word_1_357' title='bbox 378 3112 482 3175; x_wconf 77' lang='lat' dir='ltr'><strong>vapinae</strong></span> <span class='ocrx_word' id='word_1_358' title='bbox 500 3109 594 3172; x_wconf 71' lang='lat' dir='ltr'><strong>catillis,</strong></span> <span class='ocrx_word' id='word_1_359' title='bbox 614 3110 692 3159; x_wconf 73' lang='lat' dir='ltr'><strong>baltw</strong></span> <span class='ocrx_word' id='word_1_360' title='bbox 710 3111 795 3160; x_wconf 77' lang='lat' dir='ltr'><strong>lamnas</strong></span> <span class='ocrx_word' id='word_1_361' title='bbox 810 3110 929 3175; x_wconf 84' lang='lat' dir='ltr'><strong>crepitent.</strong></span> <span class='ocrx_word' id='word_1_362' title='bbox 953 3112 1021 3160; x_wconf 88' lang='lat' dir='ltr'><strong>Puto</strong></span> <span class='ocrx_word' id='word_1_363' title='bbox 1037 3109 1135 3160; x_wconf 88' lang='lat' dir='ltr'><strong>catellis.</strong></span> <span class='ocrx_word' id='word_1_364' title='bbox 1162 3109 1284 3161; x_wconf 83' lang='lat' dir='ltr'><strong>Horatius</strong></span> 
     </span>
     <span class='ocr_line' id='line_1_35' title="bbox 162 3192 1285 3259; baseline -0.002 -17"><span class='ocrx_word' id='word_1_365' title='bbox 162 3194 180 3244; x_wconf 91' lang='lat' dir='ltr'><strong>l.</strong></span> <span class='ocrx_word' id='word_1_366' title='bbox 199 3202 221 3244; x_wconf 91' lang='lat'><strong>1.</strong></span> <span class='ocrx_word' id='word_1_367' title='bbox 239 3211 278 3259; x_wconf 91' lang='lat' dir='ltr'><strong>ep.</strong></span> <span class='ocrx_word' id='word_1_368' title='bbox 298 3199 328 3246; x_wconf 86' lang='lat'><strong>17</strong></span> <span class='ocrx_word' id='word_1_369' title='bbox 353 3193 428 3256; x_wconf 88' lang='lat' dir='ltr'><strong>[vers.</strong></span> <span class='ocrx_word' id='word_1_370' title='bbox 447 3193 490 3256; x_wconf 90' lang='grc'><strong>55]</strong></span> <span class='ocrx_word' id='word_1_371' title='bbox 512 3211 582 3258; x_wconf 83' lang='lat' dir='ltr'><strong>saepe</strong></span> <span class='ocrx_word' id='word_1_372' title='bbox 598 3195 720 3256; x_wconf 86' lang='lat' dir='ltr'><strong>catellam,</strong></span> <span class='ocrx_word' id='word_1_373' title='bbox 742 3195 820 3259; x_wconf 82' lang='lat' dir='ltr'><strong>Saepe</strong></span> <span class='ocrx_word' id='word_1_374' title='bbox 835 3192 998 3259; x_wconf 66' lang='lat' dir='ltr'><strong>peracelidem</strong></span> <span class='ocrx_word' id='word_1_375' title='bbox 1018 3202 1113 3258; x_wconf 86' lang='lat' dir='ltr'><strong>raptam</strong></span> <span class='ocrx_word' id='word_1_376' title='bbox 1129 3194 1177 3242; x_wconf 89' lang='lat' dir='ltr'><strong>sibi</strong></span> <span class='ocrx_word' id='word_1_377' title='bbox 1188 3192 1285 3256; x_wconf 84' lang='lat' dir='ltr'><strong>flentis.</strong></span> 
     </span>
     <span class='ocr_line' id='line_1_36' title="bbox 162 3275 1284 3342; baseline 0.001 -17"><span class='ocrx_word' id='word_1_378' title='bbox 162 3278 249 3327; x_wconf 82' lang='lat' dir='ltr'><strong>Livius</strong></span> <span class='ocrx_word' id='word_1_379' title='bbox 261 3279 304 3326; x_wconf 90' lang='lat' dir='ltr'><strong>lib.</strong></span> <span class='ocrx_word' id='word_1_380' title='bbox 317 3285 349 3328; x_wconf 85' lang='lat'><strong>39</strong></span> <span class='ocrx_word' id='word_1_381' title='bbox 363 3277 433 3339; x_wconf 82' lang='lat'><strong>[31]:</strong></span> <span class='ocrx_word' id='word_1_382' title='bbox 455 3277 565 3335; x_wconf 78' lang='lat' dir='ltr'><strong>Quintius</strong></span> <span class='ocrx_word' id='word_1_383' title='bbox 576 3278 637 3327; x_wconf 89' lang='lat' dir='ltr'><strong>alter</strong></span> <span class='ocrx_word' id='word_1_384' title='bbox 650 3286 748 3342; x_wconf 89' lang='lat' dir='ltr'><strong>praetor</strong></span> <span class='ocrx_word' id='word_1_385' title='bbox 759 3295 813 3327; x_wconf 85' lang='lat' dir='ltr'><strong>suos</strong></span> <span class='ocrx_word' id='word_1_386' title='bbox 824 3278 912 3341; x_wconf 88' lang='lat' dir='ltr'><strong>equites</strong></span> <span class='ocrx_word' id='word_1_387' title='bbox 930 3276 1020 3327; x_wconf 81' lang='lat' dir='ltr'><strong>catellis</strong></span> <span class='ocrx_word' id='word_1_388' title='bbox 1036 3294 1066 3326; x_wconf 87' lang='lat' dir='ltr'><strong>aa</strong></span> <span class='ocrx_word' id='word_1_389' title='bbox 1074 3275 1161 3340; x_wconf 81' lang='lat' dir='ltr'><strong>fibulis</strong></span> <span class='ocrx_word' id='word_1_390' title='bbox 1177 3275 1284 3326; x_wconf 62' lang='lat' dir='ltr'><strong>donam</strong></span> 
     </span>
     <span class='ocr_line' id='line_1_37' title="bbox 163 3360 680 3424; baseline 0.004 -16"><span class='ocrx_word' id='word_1_391' title='bbox 163 3360 230 3408; x_wconf 81' lang='lat' dir='ltr'><strong>Gud.</strong></span> <span class='ocrx_word' id='word_1_392' title='bbox 244 3362 327 3420; x_wconf 86' lang='lat' dir='ltr'><strong>etiam,</strong></span> <span class='ocrx_word' id='word_1_393' title='bbox 340 3362 442 3424; x_wconf 87' lang='lat' dir='ltr'><strong>Menap.</strong></span> <span class='ocrx_word' id='word_1_394' title='bbox 456 3369 481 3410; x_wconf 89' lang='lat' dir='ltr'><strong>et</strong></span> <span class='ocrx_word' id='word_1_395' title='bbox 492 3363 574 3411; x_wconf 86' lang='lat' dir='ltr'><strong>Acad.</strong></span> <span class='ocrx_word' id='word_1_396' title='bbox 586 3360 680 3410; x_wconf 72' lang='lat' dir='ltr'><strong>catillis</strong></span> 
     </span>
    </p>

    <p class='ocr_par' dir='ltr' id='par_1_6' title="bbox 150 3441 1285 3763">
     <span class='ocr_line' id='line_1_38' title="bbox 199 3441 1284 3511; baseline 0.003 -20"><span class='ocrx_word' id='word_1_397' title='bbox 199 3441 251 3505; x_wconf 83' lang='lat'>[55‚</span> <span class='ocrx_word' id='word_1_398' title='bbox 267 3441 326 3504; x_wconf 78' lang='lat'>154]</span> <span class='ocrx_word' id='word_1_399' title='bbox 345 3442 451 3492; x_wconf 78' lang='lat' dir='ltr'><strong>Ensarre</strong></span> <span class='ocrx_word' id='word_1_400' title='bbox 469 3443 561 3495; x_wconf 83' lang='lat' dir='ltr'><strong>dieitur.</strong></span> <span class='ocrx_word' id='word_1_401' title='bbox 578 3444 700 3509; x_wconf 78' lang='lat' dir='ltr'><strong>Ephesiae</strong></span> <span class='ocrx_word' id='word_1_402' title='bbox 715 3445 815 3496; x_wconf 61' lang='lat' dir='ltr'><strong>Danas</strong></span> <span class='ocrx_word' id='word_1_403' title='bbox 832 3445 940 3511; x_wconf 75' lang='lat' dir='ltr'><strong>templum</strong></span> <span class='ocrx_word' id='word_1_404' title='bbox 957 3445 1026 3507; x_wconf 90' lang='lat' dir='ltr'><strong>iacet,</strong></span> <span class='ocrx_word' id='word_1_405' title='bbox 1045 3444 1187 3510; x_wconf 81' lang='lat' dir='ltr'><strong>Capitolium</strong></span> <span class='ocrx_word' id='word_1_406' title='bbox 1204 3445 1284 3494; x_wconf 88' lang='lat' dir='ltr'><strong>ineen-</strong></span> 
     </span>
     <span class='ocr_line' id='line_1_39' title="bbox 163 3525 1285 3594; baseline 0.001 -16"><span class='ocrx_word' id='word_1_407' title='bbox 163 3525 221 3588; x_wconf 84' lang='lat' dir='ltr'><strong>tliis]</strong></span> <span class='ocrx_word' id='word_1_408' title='bbox 240 3527 318 3576; x_wconf 89' lang='lat' dir='ltr'><strong>Voss.</strong></span> <span class='ocrx_word' id='word_1_409' title='bbox 335 3537 360 3576; x_wconf 91' lang='lat' dir='ltr'><strong>et</strong></span> <span class='ocrx_word' id='word_1_410' title='bbox 375 3527 500 3578; x_wconf 89' lang='lat' dir='ltr'><strong>Pintiani:</strong></span> <span class='ocrx_word' id='word_1_411' title='bbox 516 3527 615 3577; x_wconf 65' lang='lat' dir='ltr'><strong>Ranae</strong></span> <span class='ocrx_word' id='word_1_412' title='bbox 632 3528 714 3593; x_wconf 86' lang='lat' dir='ltr'><strong>templi</strong></span> <span class='ocrx_word' id='word_1_413' title='bbox 729 3538 771 3579; x_wconf 89' lang='lat' dir='ltr'><strong>aut</strong></span> <span class='ocrx_word' id='word_1_414' title='bbox 790 3527 920 3594; x_wconf 77' lang='lat' dir='ltr'><strong>Capitolini</strong></span> <span class='ocrx_word' id='word_1_415' title='bbox 936 3529 1047 3580; x_wconf 67' lang='lat' dir='ltr'><strong>incendia</strong></span> <span class='ocrx_word' id='word_1_416' title='bbox 1071 3530 1153 3579; x_wconf 82' lang='lat' dir='ltr'><strong>Acad.</strong></span> <span class='ocrx_word' id='word_1_417' title='bbox 1170 3531 1239 3578; x_wconf 88' lang='lat' dir='ltr'><strong>Men.</strong></span> <span class='ocrx_word' id='word_1_418' title='bbox 1258 3538 1285 3580; x_wconf 90' lang='lat' dir='ltr'><strong>et</strong></span> 
     </span>
     <span class='ocr_line' id='line_1_40' title="bbox 150 3603 1283 3676; baseline -0.001 -12"><span class='ocrx_word' id='word_1_419' title='bbox 150 3603 230 3664; x_wconf 59' lang='lat' dir='ltr'><strong>‘Gud</strong></span> <span class='ocrx_word' id='word_1_420' title='bbox 243 3610 323 3675; x_wconf 88' lang='lat' dir='ltr'><strong>templi</strong></span> <span class='ocrx_word' id='word_1_421' title='bbox 337 3619 380 3661; x_wconf 91' lang='lat' dir='ltr'><strong>aut</strong></span> <span class='ocrx_word' id='word_1_422' title='bbox 394 3607 509 3674; x_wconf 87' lang='lat' dir='ltr'><strong>Capitolii</strong></span> <span class='ocrx_word' id='word_1_423' title='bbox 523 3610 643 3662; x_wconf 79' lang='lat' dir='ltr'><strong>incendiis.</strong></span> <span class='ocrx_word' id='word_1_424' title='bbox 662 3615 755 3664; x_wconf 85' lang='lat' dir='ltr'><strong>Recte:</strong></span> <span class='ocrx_word' id='word_1_425' title='bbox 772 3630 802 3662; x_wconf 90' lang='lat' dir='ltr'><strong>ac</strong></span> <span class='ocrx_word' id='word_1_426' title='bbox 817 3613 865 3661; x_wconf 89' lang='lat' dir='ltr'><strong>iam</strong></span> <span class='ocrx_word' id='word_1_427' title='bbox 882 3612 970 3662; x_wconf 87' lang='lat' dir='ltr'><strong>nullum</strong></span> <span class='ocrx_word' id='word_1_428' title='bbox 988 3621 1081 3663; x_wconf 70' lang='lat' dir='ltr'><strong>austae</strong></span> <span class='ocrx_word' id='word_1_429' title='bbox 1097 3611 1184 3662; x_wconf 71' lang='lat' dir='ltr'><strong>dieitur</strong></span> <span class='ocrx_word' id='word_1_430' title='bbox 1200 3611 1283 3676; x_wconf 78' lang='lat' dir='ltr'><strong>Epise-</strong></span> 
     </span>
     <span class='ocr_line' id='line_1_41' title="bbox 162 3693 1094 3763; baseline 0.002 -17"><span class='ocrx_word' id='word_1_431' title='bbox 162 3697 213 3746; x_wconf 85' lang='lat' dir='ltr'><strong>siae</strong></span> <span class='ocrx_word' id='word_1_432' title='bbox 223 3696 322 3747; x_wconf 67' lang='lat' dir='ltr'><strong>Danae</strong></span> <span class='ocrx_word' id='word_1_433' title='bbox 335 3694 414 3758; x_wconf 82' lang='lat' dir='ltr'><strong>templi</strong></span> <span class='ocrx_word' id='word_1_434' title='bbox 424 3703 448 3743; x_wconf 89' lang='lat' dir='ltr'><strong>et</strong></span> <span class='ocrx_word' id='word_1_435' title='bbox 461 3693 591 3758; x_wconf 81' lang='lat' dir='ltr'><strong>Capitolini</strong></span> <span class='ocrx_word' id='word_1_436' title='bbox 601 3696 722 3747; x_wconf 85' lang='lat' dir='ltr'><strong>incendiis.</strong></span> <span class='ocrx_word' id='word_1_437' title='bbox 741 3698 873 3760; x_wconf 82' lang='lat' dir='ltr'><strong>Significat</strong></span> <span class='ocrx_word' id='word_1_438' title='bbox 884 3699 910 3747; x_wconf 93' lang='lat' dir='ltr'><strong>in</strong></span> <span class='ocrx_word' id='word_1_439' title='bbox 921 3698 972 3749; x_wconf 90' lang='lat' dir='ltr'><strong>illis</strong></span> <span class='ocrx_word' id='word_1_440' title='bbox 984 3699 1094 3763; x_wconf 87' lang='lat' dir='ltr'><strong>periisse.</strong></span> 
     </span>
    </p>

    <p class='ocr_par' dir='ltr' id='par_1_7' title="bbox 161 3777 1284 4183">
     <span class='ocr_line' id='line_1_42' title="bbox 197 3777 1284 3846; baseline 0.001 -17"><span class='ocrx_word' id='word_1_441' title='bbox 197 3777 251 3842; x_wconf 84' lang='lat'><strong>[55,</strong></span> <span class='ocrx_word' id='word_1_442' title='bbox 266 3778 325 3842; x_wconf 87' lang='grc'><strong>155]</strong></span> <span class='ocrx_word' id='word_1_443' title='bbox 344 3778 458 3833; x_wconf 79' lang='lat' dir='ltr'><strong>Baeoltae</strong></span> <span class='ocrx_word' id='word_1_444' title='bbox 473 3777 628 3843; x_wconf 73' lang='lat' dir='ltr'><strong>Centaurique</strong></span> <span class='ocrx_word' id='word_1_445' title='bbox 639 3780 728 3831; x_wconf 87' lang='lat' dir='ltr'><strong>caelati</strong></span> <span class='ocrx_word' id='word_1_446' title='bbox 737 3781 762 3831; x_wconf 89' lang='lat' dir='ltr'><strong>in</strong></span> <span class='ocrx_word' id='word_1_447' title='bbox 773 3779 877 3846; x_wconf 72' lang='lat' dir='ltr'><strong>scyphis]</strong></span> <span class='ocrx_word' id='word_1_448' title='bbox 897 3783 974 3832; x_wconf 85' lang='lat' dir='ltr'><strong>Voss.</strong></span> <span class='ocrx_word' id='word_1_449' title='bbox 989 3778 1118 3831; x_wconf 79' lang='lat' dir='ltr'><strong>Centauros</strong></span> <span class='ocrx_word' id='word_1_450' title='bbox 1136 3779 1284 3843; x_wconf 75' lang='lat' dir='ltr'><strong>tactaque</strong></span> 
     </span>
     <span class='ocr_line' id='line_1_43' title="bbox 163 3860 1283 3931; baseline 0.004 -22"><span class='ocrx_word' id='word_1_451' title='bbox 163 3860 261 3913; x_wconf 68' lang='lat' dir='ltr'><strong>eaebtis</strong></span> <span class='ocrx_word' id='word_1_452' title='bbox 276 3864 382 3928; x_wconf 75' lang='lat' dir='ltr'><strong>supplic:</strong></span> <span class='ocrx_word' id='word_1_453' title='bbox 401 3872 466 3926; x_wconf 83' lang='lat' dir='ltr'><strong>tum,</strong></span> <span class='ocrx_word' id='word_1_454' title='bbox 483 3861 541 3914; x_wconf 83' lang='lat' dir='ltr'><strong>aede</strong></span> <span class='ocrx_word' id='word_1_455' title='bbox 557 3863 665 3926; x_wconf 81' lang='lat' dir='ltr'><strong>Silenus,</strong></span> <span class='ocrx_word' id='word_1_456' title='bbox 683 3866 737 3915; x_wconf 89' lang='lat' dir='ltr'><strong>sine</strong></span> <span class='ocrx_word' id='word_1_457' title='bbox 754 3867 853 3928; x_wconf 87' lang='lat' dir='ltr'><strong>copula.</strong></span> <span class='ocrx_word' id='word_1_458' title='bbox 880 3866 961 3929; x_wconf 80' lang='lat' dir='ltr'><strong>Lege:</strong></span> <span class='ocrx_word' id='word_1_459' title='bbox 982 3865 1131 3931; x_wconf 76' lang='lat' dir='ltr'><strong>Aeraqautsir</strong></span> <span class='ocrx_word' id='word_1_460' title='bbox 1151 3865 1177 3914; x_wconf 90' lang='lat' dir='ltr'><strong>in</strong></span> <span class='ocrx_word' id='word_1_461' title='bbox 1198 3863 1283 3928; x_wconf 84' lang='lat' dir='ltr'><strong>templo</strong></span> 
     </span>
     <span class='ocr_line' id='line_1_44' title="bbox 162 3943 1282 4015; baseline 0 -17"><span class='ocrx_word' id='word_1_462' title='bbox 162 3943 245 3998; x_wconf 72' lang='lat' dir='ltr'><strong>Liberi</strong></span> <span class='ocrx_word' id='word_1_463' title='bbox 254 3947 339 3999; x_wconf 76' lang='lat' dir='ltr'><strong>Palrtb</strong></span> <span class='ocrx_word' id='word_1_464' title='bbox 350 3948 375 3997; x_wconf 88' lang='lat' dir='ltr'><strong>in</strong></span> <span class='ocrx_word' id='word_1_465' title='bbox 387 3947 442 4012; x_wconf 91' lang='lat' dir='ltr'><strong>ipsa</strong></span> <span class='ocrx_word' id='word_1_466' title='bbox 452 3947 539 3999; x_wconf 73' lang='lat' dir='ltr'><strong>Rhodo</strong></span> <span class='ocrx_word' id='word_1_467' title='bbox 554 3946 683 3999; x_wconf 64' lang='lat' dir='ltr'><strong>&amp;stauros</strong></span> <span class='ocrx_word' id='word_1_468' title='bbox 694 3948 852 4012; x_wconf 71' lang='lat' dir='ltr'><strong>Bacchasque</strong></span> <span class='ocrx_word' id='word_1_469' title='bbox 863 3949 952 3999; x_wconf 86' lang='lat' dir='ltr'><strong>caelati</strong></span> <span class='ocrx_word' id='word_1_470' title='bbox 961 3949 1056 4015; x_wconf 71' lang='lat' dir='ltr'><strong>suppli:</strong></span> <span class='ocrx_word' id='word_1_471' title='bbox 1073 3949 1146 4014; x_wconf 62' lang='lat' dir='ltr'><strong>mos</strong></span> <span class='ocrx_word' id='word_1_472' title='bbox 1162 3949 1188 3998; x_wconf 86' lang='lat' dir='ltr'><strong>in</strong></span> <span class='ocrx_word' id='word_1_473' title='bbox 1200 3947 1282 3999; x_wconf 72' lang='grc' dir='ltr'>οιιάειιι</span> 
     </span>
     <span class='ocr_line' id='line_1_45' title="bbox 162 4028 1282 4098; baseline 0.004 -19"><span class='ocrx_word' id='word_1_474' title='bbox 162 4028 221 4079; x_wconf 85' lang='lat' dir='ltr'><strong>aede</strong></span> <span class='ocrx_word' id='word_1_475' title='bbox 236 4029 330 4081; x_wconf 82' lang='lat' dir='ltr'><strong>Silenus</strong></span> <span class='ocrx_word' id='word_1_476' title='bbox 348 4039 371 4082; x_wconf 87' lang='lat' dir='ltr'><strong>et</strong></span> <span class='ocrx_word' id='word_1_477' title='bbox 389 4029 522 4096; x_wconf 85' lang='lat' dir='ltr'><strong>Cupidines.</strong></span> <span class='ocrx_word' id='word_1_478' title='bbox 553 4031 619 4084; x_wconf 71' lang='lat' dir='ltr'><strong>Gud.</strong></span> <span class='ocrx_word' id='word_1_479' title='bbox 643 4033 715 4082; x_wconf 83' lang='lat' dir='ltr'><strong>bacas</strong></span> <span class='ocrx_word' id='word_1_480' title='bbox 736 4041 904 4097; x_wconf 83' lang='lat' dir='ltr'><strong>centaurosqus</strong></span> <span class='ocrx_word' id='word_1_481' title='bbox 920 4032 1010 4085; x_wconf 81' lang='lat' dir='ltr'><strong>celatas</strong></span> <span class='ocrx_word' id='word_1_482' title='bbox 1024 4033 1137 4098; x_wconf 79' lang='lat' dir='ltr'><strong>cipimius</strong></span> <span class='ocrx_word' id='word_1_483' title='bbox 1151 4033 1176 4082; x_wconf 87' lang='lat' dir='ltr'><strong>in</strong></span> <span class='ocrx_word' id='word_1_484' title='bbox 1192 4031 1282 4083; x_wconf 60' lang='lat' dir='ltr'><strong>eadem</strong></span> 
     </span>
     <span class='ocr_line' id='line_1_46' title="bbox 161 4112 1282 4183; baseline 0.001 -17"><span class='ocrx_word' id='word_1_485' title='bbox 161 4112 198 4166; x_wconf 90' lang='lat' dir='ltr'><strong>Ut</strong></span> <span class='ocrx_word' id='word_1_486' title='bbox 209 4121 234 4162; x_wconf 89' lang='lat' dir='ltr'><strong>et</strong></span> <span class='ocrx_word' id='word_1_487' title='bbox 246 4116 325 4166; x_wconf 84' lang='lat' dir='ltr'><strong>Acad.</strong></span> <span class='ocrx_word' id='word_1_488' title='bbox 338 4123 364 4167; x_wconf 90' lang='lat' dir='ltr'><strong>et</strong></span> <span class='ocrx_word' id='word_1_489' title='bbox 375 4117 453 4177; x_wconf 83' lang='lat' dir='ltr'><strong>Men,</strong></span> <span class='ocrx_word' id='word_1_490' title='bbox 465 4117 515 4168; x_wconf 88' lang='lat' dir='ltr'><strong>nisi</strong></span> <span class='ocrx_word' id='word_1_491' title='bbox 526 4119 595 4180; x_wconf 89' lang='lat' dir='ltr'><strong>quod</strong></span> <span class='ocrx_word' id='word_1_492' title='bbox 607 4116 701 4171; x_wconf 80' lang='lat' dir='ltr'><strong>baeles.</strong></span> <span class='ocrx_word' id='word_1_493' title='bbox 714 4119 882 4183; x_wconf 88' lang='lat' dir='ltr'><strong>Praecipuum</strong></span> <span class='ocrx_word' id='word_1_494' title='bbox 895 4120 988 4170; x_wconf 86' lang='lat' dir='ltr'><strong>horam</strong></span> <span class='ocrx_word' id='word_1_495' title='bbox 1000 4119 1117 4170; x_wconf 86' lang='lat' dir='ltr'><strong>adfirmat</strong></span> <span class='ocrx_word' id='word_1_496' title='bbox 1128 4121 1210 4170; x_wconf 87' lang='lat' dir='ltr'><strong>codex</strong></span> <span class='ocrx_word' id='word_1_497' title='bbox 1221 4117 1282 4168; x_wconf 90' lang='lat' dir='ltr'><strong>Pin·</strong></span> 
     </span>
    </p>
   </div>
   <div class='ocr_carea' id='block_1_3' title="bbox 0 0 1384 4734">
    <p class='ocr_par' dir='ltr' id='par_1_8' title="bbox 0 0 1384 4734">
     <span class='ocr_line' id='line_1_47' title="bbox 0 0 1384 4734; baseline 0 1"><span class='ocrx_word' id='word_1_498' title='bbox 0 0 1384 4734; x_wconf 95' lang='lat' dir='ltr'><strong> </strong></span> 
     </span>
    </p>
   </div>
  </div>
 </body>
</html>
