2760 4734
171 267 210 330 78
659 285 801 328 anonam

204 436 258 500 [91,
273 433 316 498 75]
334 434 449 498 Erumplt
460 441 549 483 torrens
561 442 630 482 tanta
646 435 676 495 oi,
693 443 720 482 ut
730 450 794 483 sona
807 432 940 498 pervolvat]
959 435 1047 487 Soribe
1058 451 1116 486 eum
1127 438 1206 489 Voss·
1217 440 1289 490 Meu.
1361 430 1365 449 ¹

170 533 196 573 ot
211 521 278 573 Gud.
292 519 426 584 provolvat.
448 520 583 568 Terentius
595 519 693 568 Andria
706 517 741 580 [4‚
754 526 778 579 4,
791 517 847 580 88]:
867 519 915 568 eam
933 535 975 583 epo
992 518 1053 569 luno
1068 520 1092 568 in
1107 521 1208 570 mediam
1225 523 1289 572 oium

168 603 310 656 Promloam
323 611 389 666 teque
400 600 484 651 elidem
494 600 629 664 pervolvam
641 603 666 651 in
678 601 732 651 luto.

203 686 256 750 [91,
271 685 314 750 76]
333 685 388 735 Eae
398 693 533 733 sternuntur
542 684 673 752 pradatim.
691 686 782 734 Frater
793 692 828 733 eet
839 684 893 734 alea
904 684 978 748 roris]
996 688 1071 738 Voss.
1082 686 1207 751 pmdatim
1220 688 1290 737 muli·

168 787 216 821 aem
226 771 313 833 frutex
323 777 358 818 est
368 769 438 818 roris.
455 770 537 832 Lege:
549 784 591 816 eae
602 777 736 817 sternuntur
745 767 869 832 pradotim
881 768 948 818 uliae.
966 771 1057 819 F'rutea
1068 778 1103 818 est
1118 770 1182 819 roris
1200 771 1292 820 marini

168 853 259 905 similes.
278 854 354 915 Quod
366 861 392 902 et
404 867 417 902 e
429 866 475 901 suo
487 853 613 914 suggessit
623 853 763 902 Pintieuus.

203 938 257 1002 [91,
271 935 314 999 78]
336 934 480 987 Callaeciam
491 943 515 983 et
525 934 678 984 Lusitaniam
693 943 819 998 praestare
834 934 932 998 quidam
949 935 1110 999 madido-emt]
1129 939 1206 988 Voss.
1220 939 1289 988 Gud.

169 1024 250 1073 Aead.
268 1022 337 1071 Men.
352 1017 514 1083 prodiderunt.
531 1020 590 1069 Nou
603 1018 732 1081 pensitare,
750 1033 828 1081 quem
844 1021 1046 1070 commodiorem
1061 1022 1200 1071 lectionem
1216 1031 1291 1086 putet

170 1107 312 1157 Pintisuus.

204 1189 258 1251 [99,
272 1185 315 1249 79]
333 1186 380 1235 Est
391 1185 462 1234 etiam
474 1201 523 1233 una
534 1185 595 1233 ratio
612 1200 641 1233 ea
656 1183 839 1248 auripiqmenm]
858 1185 935 1235 Voss.
947 1193 983 1233 est
998 1185 1130 1236 etiamtum
1146 1203 1202 1237 una.
1220 1188 1290 1239 Gud.

169 1274 238 1322 Meu.
251 1279 276 1321 et
287 1272 367 1320 Aesd.
380 1277 502 1317 astantem
513 1284 573 1317 nune
584 1283 633 1316 unu
644 1267 715 1316 ratio.
732 1269 866 1317 Pintianus
878 1267 1017 1330 etiamnum„

204 1353 267 1418 [Ib.]
286 1353 461 1417 Aumpipmenti
475 1351 549 1401 llorae
565 1351 643 1402 XIV
651 1349 852 1415 pernotarentur]
870 1352 947 1401 Voss.
965 1352 999 1402 X
1012 1361 1063 1413 1111,
1078 1355 1162 1415 idest,
1180 1355 1290 1405 denariis

170 1447 286 1502 quatuor.

206 1521 260 1584 [94,
276 1518 320 1581 89]
339 1517 464 1568 Anaitt‘de's
478 1517 558 1581 posita
573 1517 668 1585 dieitur,
685 1517 750 1581 quod
763 1518 788 1566 in
804 1517 852 1571 eila
869 1525 986 1567 mamm
1002 1519 1095 1568 nomme
1111 1518 1153 1568 loo
1167 1521 1231 1585 siqui
1247 1538 1288 1571 oa-

170 1607 252 1664 oimus,
264 1601 367 1664 numine]
381 1604 532 1653 Hermolaus
545 1602 685 1652 Barbarus:
699 1600 762 1664 quod
771 1601 797 1649 in
808 1601 856 1649 situ
868 1609 944 1650 terrae
956 1602 1085 1652 Armeniae
1095 1604 1287 1667 sipm'fieom'mus.

170 1689 237 1738 Gud.
250 1694 275 1736 et
285 1687 356 1735 Mon.
369 1685 465 1748 quodsi
475 1693 522 1734 tute
532 1700 614 1733 rurum
626 1700 709 1733 nomen
720 1684 770 1734 ltoo.
788 1686 869 1735 Aoed.
882 1684 946 1748 quod
959 1685 992 1734 sit
1009 1685 1133 1757 tummmem
1144 1704 1226 1738 nomen
1237 1688 1287 1738 ltoc.

170 1773 247 1822 Voss.
260 1769 323 1834 quod
338 1770 384 1818 situ
396 1777 512 1817 terrarum
524 1783 605 1816 nomen
616 1766 659 1816 leot
673 1766 818 1831 siynauimue
833 1768 931 1817 nomine.
949 1771 1058 1820 Videtur
1072 1778 1226 1820 monstrare:
1243 1788 1289 1834 quo

169 1856 203 1904 eit
213 1855 260 1903 situ
272 1861 388 1902 terrarum
399 1867 482 1901 numen
494 1850 544 1913 loo,
555 1850 699 1915 signavimus
711 1851 810 1913 nomine,
822 1851 928 1915 penulae
939 1850 988 1901 illis
999 1853 1171 1903 sacratissimo.
1183 1855 1288 1904 Frustra

169 1941 247 2002 igitur
257 1938 369 1988 Plinium
380 1937 464 1999 arguit
474 1936 664 1999 Duleoumpius‚
682 1938 751 1998 quod
767 1950 893 1998 nusquam
911 1936 986 1986 huius
1003 1938 1091 2000 tempii
1107 1939 1249 1987 meminerit
1260 1941 1286 1988 in

169 2021 405 2086 geographumeuis.
428 2020 488 2069 Non
505 2021 572 2068 euim
589 2020 687 2068 dixerat
702 2020 745 2067 hio
761 2032 789 2068 se
806 2019 866 2068 alibi
883 2021 1035 2081 meminisse,
1052 2023 1095 2071 sed
1111 2036 1180 2071 uuna
1193 2023 1286 2085 ipsum,

168 2107 212 2156 ubi
224 2107 263 2167 sit,
275 2107 386 2167 signasse
398 2112 423 2152 et
434 2103 568 2152 denotasse
579 2103 691 2150 nomine.
709 2101 834 2152 Nimirum
846 2102 951 2151 Auseae
963 2104 1004 2151 vel
1016 2107 1084 2166 apud
1094 2104 1212 2155 Auaitus.

203 2189 256 2251 [94,
269 2187 313 2249 83]
332 2184 465 2249 Respondit
480 2185 540 2234 enim
556 2192 603 2232 tum
619 2184 721 2232 mesine
732 2182 876 2248 Aupustum]
895 2185 971 2235 Voss.
983 2187 1136 2235 cummasime
1149 2187 1285 2251 Aupustum

169 2273 198 2322 de
209 2288 276 2322 aure
287 2272 337 2320 eius
348 2285 452 2320 coenare.
470 2269 506 2319 Ut
516 2269 561 2318 lib.
573 2275 613 2330 91,
627 2269 641 2318 7
656 2266 708 2330 [19,
721 2265 775 2329 49].
794 2267 924 2331 Sequitur:
940 2283 1010 2331 seque
1022 2267 1087 2318 illum
1098 2285 1155 2330 esse,
1171 2278 1287 2335 totumque
1310 2328 1315 2337 ¹

167 2357 315 2406 sibi‘censum
327 2370 356 2403 ex
368 2369 397 2402 ea
408 2352 506 2416 rapina.
525 2352 566 2402 Sic
578 2352 720 2402 Vossianus
732 2353 827 2413 ubsque
839 2349 879 2415 τῷ
889 2366 937 2399 esse
949 2353 975 2401 in
986 2353 1044 2402 fine.

202 2438 256 2502 [95,
269 2437 313 2500 84]
325 2437 373 2486 Est
384 2444 407 2484 et
417 2436 464 2499 ipsi
473 2433 592 2499 superlato
604 2434 639 2483 uis
649 2433 760 2496 malefisa
769 2432 914 2497 pallinarum
927 2442 950 2482 et
957 2451 1067 2498 pecorum
1076 2435 1193 2499 soetton'e]
1205 2439 1285 2488 Voss.

168 2521 278 2585 maleflot'.
304 2522 362 2572 dein
378 2522 446 2570 idem
462 2534 521 2568 eum
532 2519 644 2569 Piutisni
660 2519 734 2578 libro,
749 2518 874 2567 Aoedem.
892 2526 917 2567 et
934 2519 1001 2568 Gud.
1017 2519 1187 2582 pecuariorum.
1214 2524 1285 2572 Meu.

165 2604 359 2668 peculiariorum:
377 2604 484 2666 deniquo
502 2610 527 2652 et
543 2605 651 2666 primus,
668 2600 806 2651 Remedium
823 2599 929 2663 abluere,
946 2603 1001 2652 sine
1017 2600 1057 2666 τῷ
1070 2611 1112 2652 est
1138 2605 1285 2656 Blenditur:

167 2687 215 2736 Est
225 2696 249 2736 et
259 2688 306 2751 ipsi
315 2687 426 2751 superlito
438 2687 473 2735 oie
485 2685 597 2747 maleficii
609 2685 790 2750 pallinariorum
807 2693 829 2732 et
841 2686 1009 2747 peetmriorm
1015 2686 1129 2749 foeturt's.
1147 2687 1285 2737 Remedium
1372 2691 1374 2694 ’

105 2774 154 2818 ele
168 2770 261 2820 abluere
277 2770 368 2836 inlitum
384 2778 408 2818 et
421 2785 534 2833 sparpere
549 2785 583 2830 eo,
600 2769 683 2831 quibus
698 2767 787 2817 mederi
800 2767 865 2818 oelee.
888 2770 932 2820 lib.
951 2775 992 2830 38,
1005 2775 1020 2818 8
1034 2768 1087 2831 [tt,
1102 2768 1162 2831 tte]
1183 2786 1287 2834 quoque

167 2856 244 2905 Voss.
260 2853 350 2917 aroillo
365 2851 511 2916 superinlata
527 2868 573 2916 pro
589 2850 731 2915 superillita.
761 2850 925 2922 [Quanquam
942 2861 968 2903 et
983 2854 1027 2902 lib.
1045 2860 1086 2914 98,
1103 2860 1118 2904 8
1136 2852 1194 2914 [97,
1213 2853 1286 2916 108];

167 2939 295 2989 Sim'strum
303 2937 386 3001 pedem
398 2935 541 3001 superlatum
553 2935 699 2999 parturienti
710 2934 801 2983 letalem
813 2951 869 2984 esse.
886 2938 929 2984 Ex
939 2934 1060 2985 Insermd.
1073 2952 1098 3000 p.
1112 2934 1182 2998 845]
1204 2937 1285 2988 Galli-

167 3025 256 3085 narios,
274 3038 338 3086 quos
349 3023 413 3071 mihi
424 3023 530 3072 subiecit
542 3035 680 3070 cousensus
692 3021 810 3070 codicum
827 3022 854 3069 iu
867 3020 993 3083 pecuariis,
1011 3022 1090 3070 hebes
1102 3030 1128 3070 et
1139 3023 1183 3072 lib.
1197 3028 1236 3082 10,
1252 3027 1283 3069 55

168 3105 221 3168 [76,
236 3105 308 3167 155];
325 3104 429 3154 traditur
440 3121 481 3152 urs
491 3104 618 3168 yollinarii
627 3103 749 3152 cuiusdam
761 3103 866 3164 dicentis,
883 3103 942 3165 quid
956 3119 985 3151 ea
997 3119 1091 3166 quaque
1106 3112 1173 3154 esset.
1193 3105 1284 3156 Cicero

167 3191 211 3240 lib.
224 3197 239 3241 4
254 3189 288 3252 [9,
299 3197 339 3250 96,
348 3188 393 3250 89]
412 3191 503 3238 Acade
515 3188 557 3237 An
568 3189 612 3236 tibi
622 3188 668 3236 erit
682 3185 831 3250 quaerendus
842 3185 982 3251 annularius
994 3185 1088 3248 aliquis,
1105 3188 1217 3250 quomam
1226 3187 1283 3251 pal·

167 3274 277 3324 linarium
289 3273 399 3323 invenisti
408 3271 533 3321 Deliacum
545 3271 617 3332 illum,
634 3271 677 3333 qui
691 3287 736 3318 eoa
748 3275 910 3333 eopnoscereti
926 3272 996 3320 Men.
1007 3270 1089 3320 Acud.
1103 3270 1181 3322 Grada
1197 3271 1284 3320 Reme-

166 3357 230 3406 dium
242 3363 277 3404 est
287 3355 375 3403 dicitur
386 3355 445 3402 enim
457 3353 560 3402 abluere.
578 3355 677 3417 Nempe
688 3364 714 3403 st
725 3361 760 3412 est
771 3363 796 3403 ot
807 3352 894 3402 dieitur
905 3354 965 3402 enim
975 3356 1092 3405 insiticia.

200 3439 253 3503 [95,
267 3437 311 3500 85]
328 3435 430 3495 Quodsi
441 3437 496 3486 trito
507 3453 592 3500 spuma
602 3436 743 3499 adiiciatur]
761 3439 952 3501 Deleesmpius‚
966 3437 1025 3486 nitri
1033 3453 1125 3500 epum.
1142 3437 1194 3488 Sed
1205 3440 1285 3490 Voss.

166 3524 236 3572 tritus
251 3537 336 3586 spuma
351 3519 508 3569 malitiatur.
525 3521 606 3582 Lege:
627 3518 697 3577 Quod
711 3520 734 3568 si
750 3521 819 3569 uitus
831 3537 918 3584 punies
930 3520 1069 3571 adimiatur.
1088 3521 1163 3571 Certe
1174 3521 1286 3571 ferinum

165 3609 271 3671 pumicis
287 3604 374 3655 ulcera
389 3619 496 3668 purgare
513 3605 645 3654 oculorum
663 3605 750 3655 scribit
766 3605 809 3653 lib.
826 3609 871 3666 36,
890 3611 921 3654 91
942 3603 999 3667 [49,
1019 3602 1089 3666 155].
1120 3604 1162 3654 Sic
1182 3619 1287 3667 quoque

164 3694 303 3742 Pintiunus.

198 3776 263 3826 Car,
276 3777 309 3824 V.
321 3772 376 3836 [96,
389 3770 433 3834 87]
446 3770 497 3820 Illo
508 3787 599 3835 quoque
610 3772 690 3834 ierba,
707 3786 777 3836 quam
790 3770 875 3820 lamam
886 3770 1020 3836 appellant]
1034 3774 1108 3822 Voss.
1121 3785 1190 3833 quom
1204 3769 1286 3819 lutum.

164 3861 200 3910 Ut
211 3869 237 3908 et
247 3858 313 3907 infre
325 3857 378 3920 [97,
391 3855 450 3919 91]:
462 3855 564 3905 Luteom
576 3864 665 3920 putant
680 3873 696 3904 a
713 3854 760 3904 luto
776 3853 853 3926 laerta¹
865 3854 961 3905 dietam.
978 3857 1029 3906 Ubi
1045 3855 1174 3919 praecepit
1185 3853 1287 3904 Salma-

164 3945 216 3992 sius
228 3945 261 3992 ad
273 3942 353 3992 Solin.
365 3957 391 4006 p.
404 3947 461 3992 955.
480 3943 514 3990 Et
530 3950 616 3990 tumen
632 3940 690 3989 iibri
706 3951 811 4000 veteres,
828 3941 918 4002 quibus
930 3940 1054 4000 tilenses,
1072 3937 1143 3987 lotam
1156 3946 1200 3987 sut
1211 3936 1287 3988 meon:

164 4028 206 4075 hic
218 4035 305 4077 noster
315 4027 391 4090 plene
403 4025 457 4075 luto.
476 4027 567 4077 Statim
582 4023 634 4086 [96,
646 4023 703 4086 87]ε
720 4023 820 4074 Natura
835 4032 875 4084 est,
893 4040 955 4086 quae
971 4023 1018 4072 lena
1034 4023 1132 4072 mnaeee
1144 4022 1178 4073 ad
1192 4038 1286 4072 aucant

165 4109 293 4160 bibendum.
313 4113 387 4162 Voss.
398 4127 485 4160 suarem
504 4112 600 4170 Voluit,
613 4111 711 4173 opinor,
722 4110 817 4172 fucum,
835 4110 920 4169 idest,
934 4109 1053 4159 colorem.
