2760 4734
123 286 206 328 XXVI
564 288 809 330 Pnonneonssnnn.

165 432 256 498 Idem
278 432 407 519 signum
429 432 598 510 coronidis,
628 432 676 497 de
690 455 754 518 quo
777 457 874 522 supra
895 458 915 499 a
936 433 1028 501 nobis
1051 435 1179 501 dictum
1201 449 1250 502 est

124 564 157 627 p.
179 565 237 621 xx,
259 542 294 607 in
315 541 377 606 fine
399 540 575 607 sectionum
596 552 654 606 cet.
677 543 836 631 apposuit,
862 565 926 628 quo
948 565 968 607 a
988 544 1060 609 loco
1084 545 1250 632 scriptura

124 662 258 718 vacante
279 649 553 736 interpolationem
577 661 707 717 arceret.

169 759 253 827 Cum
286 761 412 846 integra
440 759 595 824 vocabula
632 761 710 825 false
743 762 863 847 scripta
898 762 1068 829 emendare
1104 763 1249 841 volebat,

123 872 215 937 iuxta
241 893 279 936 ea
306 879 481 934 correctam
507 869 614 954 posuit
640 870 817 949 lectionem,
846 893 910 955 qua
931 895 965 936 re
994 873 1150 937 lectorem
1178 895 1248 936 mo-

124 991 215 1046 neret
243 979 398 1045 eiusmodi
431 978 670 1045 emendationes
696 980 828 1064 inipso
857 990 946 1046 textu
966 981 1137 1067 ponendas
1164 1003 1246 1047 esse.

126 1087 230 1158 Cuius
252 1089 299 1154 rei
320 1087 463 1170 exempla
484 1098 574 1153 sunt:
602 1092 720 1176 impetu
741 1092 775 1154 iu
788 1091 862 1176 fetu
883 1113 917 1178 p.
940 1091 990 1168 11,
1013 1092 1065 1167 12,
1088 1103 1118 1155 et
1140 1093 1248 1156 eodem
1281 1075 1288 1084 ⁵

126 1223 165 1265 au
187 1202 295 1264 eodem
309 1221 340 1282 p.
357 1200 408 1276 32,
423 1200 476 1275 22,
500 1199 664 1285 opifaerae
686 1201 829 1286 apfferae
843 1221 876 1286 p.
891 1202 944 1279 41,
959 1201 990 1264 6.
1012 1197 1202 1285 Aliquando
1216 1209 1246 1266 ct

125 1309 233 1375 variae
261 1307 406 1372 lectionis
427 1306 584 1372 vocabula
604 1330 669 1372 uua
691 1318 766 1373 sunt
786 1309 901 1392 posita,
914 1386 917 1389 ¹
930 1331 1012 1393 quae
1032 1308 1248 1375 redundantia

124 1419 190 1485 iam
211 1417 246 1480 in
267 1417 441 1502 archetypo
462 1415 562 1480 fuisse
583 1415 710 1481 videtur
731 1417 830 1502 (conf.
847 1421 861 1502 §
877 1417 923 1503 9).

168 1527 292 1594 Verum
313 1548 409 1611 quam
431 1524 558 1590 difficile
580 1525 623 1589 sit
644 1525 826 1592 discernere
848 1526 1083 1594 emendationes
1103 1529 1247 1594 secunda

126 1660 225 1703 manu
246 1635 387 1710 additas,
422 1633 547 1700 silentio
572 1635 747 1719 praeterire
768 1659 832 1701 non
858 1659 1046 1722 possumus,
1077 1647 1245 1724 sperantes

71 1751 74 1756 ’
126 1746 203 1823 fore,
224 1755 260 1810 ut
282 1744 466 1810 emendator
487 1765 588 1828 aeque
611 1767 649 1810 ac
669 1767 728 1810 nos
750 1767 951 1825 excusemur,
974 1746 1118 1831 siquam
1138 1770 1247 1812 emen·

126 1855 289 1921 dationem
318 1854 477 1920 secundae
504 1876 601 1919 curae
628 1855 713 1918 omni
740 1854 885 1920 adhibita
910 1855 1077 1944 diligentia
1102 1866 1270 1949 praeter-Q

127 1965 320 2030 miserimus.

170 2074 273 2153 Haec,
295 2097 378 2161 quae
400 2074 439 2138 de
461 2074 580 2140 codicis
603 2072 783 2159 antiquario
805 2086 900 2160 atque
916 2077 1119 2141 emendatore
1141 2074 1249 2140 adhuc

128 2185 372 2273 disputavimus,
395 2206 454 2270 pro
476 2184 569 2250 certis
589 2184 667 2270 poni
681 2207 776 2270 posse
796 2185 1026 2252 existimamus.
1050 2185 1117 2252 Sed
1132 2208 1248 2273 super·

129 2307 206 2362 sunt
227 2295 290 2360 alia
311 2294 405 2360 nobis
420 2295 565 2372 dicenda,
587 2316 681 2378 quae,
703 2293 790 2378 quod
803 2295 986 2361 coniectura
999 2297 1104 2375 modo,
1128 2286 1188 2362 sed
1202 2319 1250 2374 ea,

128 2415 165 2471 ut
178 2404 271 2470 nobis
287 2404 400 2470 saltem
414 2403 552 2480 videtur,
567 2402 739 2467 admodum
752 2403 922 2488 probabili,
936 2405 1149 2482 continentur,
1174 2405 1251 2470 alio·

128 2537 200 2580 rum
221 2514 313 2579 nobis
335 2512 514 2578 doctiorum
542 2511 707 2577 hominum
733 2514 865 2580 arbitrio
892 2516 1109 2601 relinquamus
1137 2515 1250 2581 decer-

129 2625 243 2690 nenda.
279 2620 441 2686 Nimirum
466 2641 538 2686 cum
566 2621 600 2685 in
624 2621 689 2687 fine
716 2621 791 2687 libri
817 2623 908 2688 XIII
936 2625 997 2690 hoc
1026 2624 1180 2702 verbum,
1216 2636 1253 2689 ut

131 2756 230 2819 supra
251 2730 577 2811 commemoravimus,
600 2733 743 2818 legatur:
774 2732 982 2821 emenda[at']‚
1005 2746 1096 2799 extra
1117 2733 1251 2800 dubita-

131 2844 250 2909 tionem
263 2841 324 2907 hoc
338 2841 489 2927 positum,
512 2863 595 2920 eum,
617 2843 674 2927 qui
696 2842 913 2909 emendaverit
928 2844 1082 2923 codicem,
1104 2844 1162 2928 qui
1181 2867 1253 2911 mos

129 2953 191 3017 suit
211 2950 493 3041 grammaticorum
514 2973 574 3016 neo
595 2974 660 3018 non
687 2953 935 3038 antiquariorum
958 2964 990 3019 et
1011 2965 1252 3039 excerptorum,

129 3084 244 3127 nomen
267 3061 415 3128 suumin
437 3061 535 3126 totius
557 3063 664 3147 operis
684 3061 748 3128 fine
769 3062 804 3126 in
824 3061 909 3128 hunc
931 3062 998 3129 fere
1019 3064 1149 3128 modum
1172 3064 1252 3130 sub-

132 3173 319 3259 scripsisse:
343 3170 387 3236 N.
403 3170 448 3234 N.
464 3170 691 3260 (Eugraphius
711 3172 762 3238 vel
782 3173 965 3258 quicunque
986 3173 1067 3238 alius
1089 3172 1166 3258 fnit)
1191 3176 1255 3261 lepi

132 3295 161 3346 et
182 3284 355 3358 emendavi,
378 3279 430 3346 vel
453 3276 653 3366 simpliciter:
676 3283 748 3369 Epo
762 3281 807 3346 N.
822 3281 867 3348 N.
890 3285 1062 3348 emendavi.
1084 3281 1154 3345 Iam
1178 3305 1254 3348 cum

130 3402 256 3457 constet
277 3413 364 3470 eum,
398 3388 453 3475 qui
479 3390 514 3454 in
531 3390 641 3469 xPlinio
663 3392 862 3457 emendando
885 3391 946 3457 hoc
967 3413 1097 3456 munere
1119 3391 1254 3459 functus

132 3502 184 3580 sit,
206 3503 336 3567 Iunium
349 3501 561 3565 Laurentium
583 3499 660 3579 sive,
681 3511 717 3566 ut
734 3501 988 3567 Schneideuiuua
1003 3501 1135 3578 mavult,
1156 3501 1253 3569 Lau·

131 3625 254 3678 reatum
275 3610 473 3676 nominatum
493 3633 575 3688 esse,
597 3611 689 3676 facile
709 3612 782 3696 quis
805 3611 986 3697 suspicetur
1005 3611 1066 3677 hoc
1087 3634 1206 3677 nomen
1220 3612 1255 3678 in

131 3723 195 3789 fine
225 3722 324 3787 totius
354 3720 461 3807 operis
489 3723 542 3786 vel
562 3721 697 3787 alicuius
718 3719 792 3785 libri
813 3720 933 3786 lectum
954 3722 1061 3786 fuisse.
1100 3718 1168 3786 Sed
1190 3723 1257 3788 alia

132 3831 224 3898 nobis
245 3829 359 3898 oborta
381 3844 429 3897 est
452 3831 601 3917 suspicio.
634 3830 806 3895 Nimirum
815 3830 951 3909 codicis,
979 3853 1075 3915 quem
1100 3851 1161 3896 nos
1185 3842 1255 3898 tra·

134 3941 302 4018 ctavimus,
339 3942 573 4008 emendatorem
601 3965 664 4007 non
693 3941 793 4007 fuisse
824 3940 912 4005 illum
938 3941 1151 4006 Laurentium
1184 3944 1257 4010 sive

132 4051 330 4123 Laureolum
351 4052 426 4117 inde
448 4073 605 4139 apparere
626 4051 825 4128 arbitramur,
847 4050 934 4135 quod
948 4073 1065 4137 magna
1078 4051 1256 4119 lectionum

132 4173 182 4228 est
196 4161 374 4228 differentia
388 4161 587 4250 palimpsesti
603 4161 701 4226 nostri
723 4174 755 4227 et
777 4183 884 4227 eorum
908 4160 1063 4240 codicum,
1087 4162 1142 4246 qui
1157 4163 1255 4230 Lau-
