2760 4734
570 303 816 348 enonsaonxns.
876 360 879 365 Ι
981 261 986 277 ’
1159 303 1254 345 xxxv

176 452 256 516 Inde
279 451 423 517 eiusdem
450 453 552 517 lineas
579 453 653 537 plus
682 451 788 515 minus
814 450 936 515 vicenis
962 450 1126 534 quaternis
1152 449 1255 514 literis

131 562 314 629 constitisse
337 563 550 641 aestimamus,
580 582 662 645 quae
683 561 865 626 coniectura
888 572 918 622 et
941 559 1011 625 aliis
1031 559 1155 624 lacunis
1178 581 1253 646 pro·

130 673 237 738 batur.
266 669 349 736 Nam
365 682 533 756 praetcrea
554 671 752 755 antiquarius
774 695 806 758 p.
823 673 931 749 211,ss
953 668 1060 735 omisit
1081 671 1121 736 53
1142 669 1254 735 literas

131 783 182 848 vel
197 782 279 846 duos
293 803 416 860 versus,
438 803 471 866 p.
489 783 561 858 245,
578 782 608 858 6,
632 782 672 845 66
692 780 803 846 literas
817 782 869 846 vel
884 790 949 845 tres
962 780 1041 858 fere,
1062 803 1095 866 p.
1112 780 1184 856 210,
1202 779 1252 856 13,

132 893 194 959 103
215 891 324 956 literas
346 891 396 956 vel
414 900 566 975 quattuor
588 890 753 976 archetypi
781 912 901 955 versus.
939 889 1032 971 Quae
1055 911 1126 954 oum
1148 890 1193 954 ita
1220 910 1254 953 se

128 1002 278 1080 habeant,
299 1001 469 1066 verisimile
491 1010 539 1065 est
559 1000 648 1065 illum

174 1135 206 1196 p.
253 1113 303 1189 67,
327 1113 346 1178 8
368 1111 470 1176 literis
492 1113 534 1176 30
555 1110 683 1177 omissis
708 1113 723 1174 1
748 1132 876 1175 versum
899 1120 931 1173 et
952 1120 1099 1194 quartam
1120 1120 1242 1196 partem

173 1245 206 1308 p.
231 1222 346 1299 187,2
411 1269 431 1298 ,,
489 1222 530 1286 35
617 1268 638 1299 ,,
703 1269 724 1298 ,,
762 1289 767 1298 ,
812 1268 833 1298 ,,
899 1219 1112 1296 „dimidiam

173 1331 430 1416 p.150,2'1„
489 1332 529 1395 35
616 1378 637 1408 rr
702 1378 722 1407 rr
809 1378 829 1407 rr
895 1378 904 1406 5
1024 1378 1033 1405 s

174 1462 206 1525 Ρ·
252 1440 341 1518 7321
410 1488 430 1518 92
489 1441 529 1504 36
616 1488 635 1517 ⁹5
701 1488 722 1517 59
809 1488 829 1517 '5
896 1487 915 1516 99
1024 1487 1044 1516 95

173 1574 205 1636 p.
229 1551 344 1628 157,2
409 1599 429 1628 ,,
488 1553 531 1614 40
616 1598 635 1627 ,,
702 1599 722 1627 ,,
810 1597 830 1626 ,,
896 1596 919 1626 ,,
942 1549 1022 1613 duas
1044 1559 1151 1633 partes

172 1661 341 1745 p.205‚1
409 1708 429 1737 υ
486 1663 527 1723 42
613 1707 635 1738 ts
700 1708 722 1736 st
808 1707 827 1736 aa
894 1707 913 1736 rr
985 1707 994 1736 ν

130 1768 297 1854 archetypi
323 1768 514 1854 neglexisse.
553 1768 713 1850 Quoniam
741 1780 847 1835 autem
877 1768 972 1832 huius
1001 1766 1102 1833 lineae
1132 1769 1253 1834 vicenis

128 1880 294 1963 quaternis
314 1878 417 1945 literis
439 1892 589 1945 exaratae
607 1891 707 1958 erant,
733 1880 940 1965 perspicuum
962 1891 1010 1944 est
1031 1879 1160 1944 unicam
1181 1890 1252 1943 tan-

130 1999 199 2054 tum
221 1987 404 2054 exhibuisse
426 1990 615 2055 columnam.

173 2097 293 2163 Literis
321 2097 505 2163 maiusculis
532 2098 698 2184 quadratis
726 2099 987 2185 compendiisque
1011 2098 1169 2165 scribendi
1191 2097 1248 2162 im·

129 2206 241 2272 mixtis
265 2207 419 2294 siglisque
440 2208 592 2274 adhibitis
614 2207 829 2294 conscriptum
843 2209 942 2274 fuisse
957 2208 1165 2294 archetypum
1183 2208 1251 2295 ple·

129 2316 222 2401 rique
245 2317 375 2396 codicis,
399 2340 495 2402 quem
516 2341 575 2384 nos
592 2327 748 2397 tenemus,
772 2341 897 2384 errores
911 2318 1059 2404 probant,
1082 2318 1252 2402 dequibus

128 2428 195 2492 iam
218 2450 316 2513 supra
338 2428 557 2508 disseruimus,
587 2429 652 2495 vid.
675 2433 690 2514 d
711 2432 739 2493 7.
758 2452 790 2515 p.
812 2452 894 2494 xxn.
931 2427 1027 2493 Nullo
1049 2428 1143 2492 modo
1167 2428 1251 2493 enim

127 2536 331 2623 antiquarius
354 2539 366 2601 l
386 2560 445 2622 pro
468 2563 499 2616 c,
520 2541 547 2626 f
563 2562 622 2625 pro
645 2562 676 2617 e,
705 2543 807 2624 dpro
828 2559 866 2621 p,
890 2563 905 2604 c
925 2561 985 2624 pro
1008 2552 1034 2617 t,
1062 2562 1158 2623 apro
1181 2564 1198 2603 v
1221 2548 1252 2602 et

128 2648 200 2712 vice
214 2670 307 2712 versa
319 2648 491 2733 posuisset,
511 2647 573 2713 nisi
588 2647 700 2713 harum
714 2648 877 2713 literarum
894 2648 1133 2714 similitudinem
1148 2671 1251 2733 quan·

128 2755 261 2821 damin
282 2757 391 2823 codice
413 2756 635 2842 antiquissimo
657 2768 730 2822 ante
751 2759 861 2824 oculos
888 2757 1063 2835 habuisset,
1088 2780 1171 2842 quae
1199 2780 1251 2823 so·

127 2865 292 2932 lummodo
306 2867 341 2931 in
356 2867 514 2954 scriptura
527 2868 704 2933 maiuscula
718 2868 875 2953 quadrata
890 2867 1021 2945 obtinet,
1035 2868 1127 2933 cuius
1140 2868 1252 2934 literae

134 2975 209 3041 [et
223 2975 310 3056 1.AE
326 2988 359 3042 et
373 2976 414 3056 E,
437 2977 517 3042 Det
530 2976 569 3055 P,
596 2977 669 3044 [et
683 2977 723 3055 T,
745 2976 978 3042 NetVfacile
1001 2976 1249 3042 confunduntur.

78 3108 86 3114 ·
175 3083 265 3166 Quin
288 3087 384 3152 etiam
404 3086 653 3174 literis'graecis
675 3087 848 3176 peregrina
870 3087 998 3152 nomina
1019 3086 1054 3150 in
1075 3085 1251 3170 archetypo

128 3195 212 3261 libro
235 3205 364 3262 exarata
386 3195 486 3261 fuisse
508 3220 697 3284 persuasum
711 3197 896 3273 habeamus,
920 3197 1005 3282 quod
1020 3218 1083 3261 non
1100 3194 1201 3260 solum
1217 3196 1251 3260 in

128 3307 257 3392 graecis
285 3305 419 3371 vocibus
445 3318 519 3392 post
539 3331 558 3370 r
583 3309 603 3371 h
631 3307 815 3386 adhibetur,
843 3317 879 3371 ut
896 3307 1039 3394 pyrrhus
1066 3329 1099 3392 p.
1122 3307 1174 3383 44,
1199 3288 1250 3383 22,

128 3427 165 3481 et
185 3416 374 3501 plerumque
393 3442 416 3503 y
436 3417 584 3503 ponitur,
612 3415 669 3488 ubi
692 3415 810 3483 Graeci
833 3439 849 3477 υ
874 3416 1027 3493 scribunt,
1049 3426 1085 3479 ut
1101 3415 1252 3502 philyrae

128 3547 164 3610 p.
181 3527 253 3605 146,
270 3529 321 3604 24,
345 3537 376 3592 et
391 3552 423 3605 a,
439 3526 495 3606 ubi
510 3526 621 3590 Latini
637 3551 679 3605 m,
695 3538 731 3590 ut
746 3527 885 3591 horaeon
899 3547 932 3610 p.
947 3526 997 3603 13,
1012 3527 1059 3604 13,
1084 3523 1252 3588 sedetiam

127 3635 218 3718 quod
246 3660 268 3701 a
295 3659 354 3722 pro
383 3637 420 3701 eh
446 3635 642 3713 invenimus,
679 3637 774 3700 barrio
802 3656 861 3720 pro
890 3635 1018 3699 bacchio
1047 3658 1078 3720 p.
1104 3634 1250 3713 181,17,

127 3766 226 3827 quem
254 3767 399 3810 errorem
420 3768 459 3809 ex
488 3767 604 3832 graece
633 3744 753 3829 scripto
780 3743 935 3809 vocabulo
956 3742 1082 3827 Βακχίῳ
1106 3752 1251 3808 exortum

128 3875 203 3918 esse
224 3876 319 3919 nemo
341 3877 405 3919 non
427 3855 589 3920 concedet.

174 3961 212 4026 In
234 3964 409 4050 archetypo
422 3963 534 4028 literae
549 3989 580 4026 m
596 3975 626 4029 et
641 3992 659 4028 a
682 3987 746 4029 una
768 3965 942 4048 eademque
963 3962 1080 4028 lineola
1102 3964 1172 4028 voci
1189 3963 1250 4028 im·

126 4070 235 4159 posita
258 4071 456 4161 significatae
484 4073 583 4138 fuisse
611 4073 773 4151 videntur,
800 4096 900 4158 quare
923 4071 1123 4157 antiquarius
1149 4073 1250 4139 inter-

127 4180 208 4245 dum
222 4207 253 4246 m
267 4205 326 4269 pro
340 4208 362 4246 a
376 4181 495 4269 posuit,
518 4193 554 4246 ut
571 4182 755 4248 afferamus:
780 4185 949 4247 comveniet
968 4206 1000 4269 p.
1018 4186 1089 4263 119,
1107 4186 1157 4263 11,
1180 4209 1252 4250 um·
