2760 4734
450 276 555 318 noran
570 277 614 318 An
628 277 711 318 uma.
726 277 821 318 xxm.
837 278 930 320 xxm.
1208 259 1248 318 41

135 425 188 472 item
200 424 326 489 eupillatis.
347 423 433 474 Cortex
444 423 591 488 inplandium
604 424 716 474 &benum
728 425 784 473 uitio
795 433 818 473 et
829 423 988 489 dysentericis.
1012 425 1054 475 Sic
1066 427 1186 476 Vossiani
1197 436 1249 490 opt.

136 519 162 557 ot
172 511 281 571 Andeg.‚
295 510 339 557 ubi
352 511 427 558 etiam
440 510 586 570 allevemus,
599 508 701 572 prodest.
720 511 817 559 Rursus
829 510 919 559 eodem
931 525 985 574 cup.
999 507 1052 571 [80‚
1067 508 1138 571 152]:
1155 509 1217 567 Quin
1229 519 1251 557 et
1263 538 1267 545 ·

135 591 331 640 commanducata
347 600 418 654 atque
435 591 549 641 devorata
562 608 608 656 per
625 591 727 640 triduum
744 600 811 640 terna
828 592 931 641 liberant
948 592 1013 642 tussi.
1036 591 1131 642 Eadem
1142 593 1251 656 suspiriis

137 674 193 722 trita
208 692 259 723 eum
272 675 345 725 orsella
362 677 399 725 siu
409 678 559 727 Vossianus.
576 678 676 739 Vulgo:
694 675 796 725 liberant
807 692 823 724 a
836 676 901 724 tussi.
918 674 1012 724 Eadem
1024 685 1123 740 prosunt
1134 675 1249 739 suspiriis.

134 758 216 808 Acad.
229 767 254 807 et
265 760 307 809 alii
319 763 369 810 duo
382 761 458 810 Voss.
472 759 602 809 liberanto
614 761 679 809 tussi.
697 758 778 808 eadem
791 776 808 808 a
819 759 938 823 suspiriis.
1179 808 1181 811 ,

171 841 222 902 [77,
238 841 296 903 147]
323 843 422 906 Hocque
441 843 530 892 minore
546 852 658 892 momento
673 842 716 892 sed
731 844 755 892 in
772 842 841 905 cibis]
870 845 952 893 Acad.
968 851 993 893 at
1010 843 1077 894 Gud.
1095 841 1138 892 boc
1155 843 1249 892 minore.

134 926 210 975 Voss.
226 925 269 974 boo
284 927 360 976 minor
371 935 393 975 et
406 935 514 988 toment03
532 930 582 978 duo
595 929 646 989 alii,
665 927 708 976 boc
719 928 830 976 minorem
843 934 962 976 momento.
985 929 1076 977 Forte:
1093 925 1148 976 Hoc
1164 925 1250 974 minore

76 1031 80 1037 ·
136 1018 245 1057 tormento
257 1010 314 1058 etin
326 1011 384 1060 cibis
394 1009 471 1060 nuclei
474 1012 580 1074 faciunt.

170 1092 221 1154 [ta
237 1092 295 1155 150]
318 1093 353 1143 Et
366 1095 505 1160 pinpuedini
519 1095 623 1158 corporis
638 1093 770 1157 conserunt]
797 1098 839 1146 Ex
855 1096 955 1146 chiflet.
972 1103 1062 1145 notant
1079 1092 1250 1158 piupuitudine.
1299 1098 1302 1102 ’

133 1178 244 1226 Pintiani
261 1181 353 1228 codex:
380 1179 484 1242 corporis
504 1187 526 1227 et
539 1177 702 1243 pinpuitudini
718 1179 845 1241 conserunt.
872 1181 949 1229 Voss.
968 1180 1102 1241 Andagar.
1112 1177 1213 1240 faciunt
1229 1186 1251 1225 et

133 1259 276 1321 inflationem
291 1260 406 1310 stomachi
419 1270 441 1309 et
449 1260 636 1326 pinguitudinem
648 1263 747 1326 corpori.
770 1264 919 1314 Probatior:
937 1262 1018 1312 Nuces
1030 1261 1154 1311 avebanae
1165 1261 1251 1324 cupitis

133 1340 236 1389 dolorem
240 1344 339 1406 faciunt
349 1352 372 1393 et
383 1344 528 1408 inflationem
540 1344 661 1395 stomachi.
678 1345 774 1410 corpori
783 1353 806 1393 et
817 1345 841 1394 in
851 1345 1014 1410 pinpuitudini
1024 1346 1154 1408 conserunt
1171 1346 1248 1407 Lege,

133 1425 157 1471 in
168 1425 365 1489 pinpuitudinem,
377 1429 425 1490 vel,
438 1429 463 1477 in
472 1427 644 1493 pinpuitudine.

512 1625 578 1690 AD
600 1625 717 1690 LIBR.
739 1625 873 1692 XXIV.

168 1762 231 1810 Clu.
244 1763 264 1810 1.
278 1760 314 1823 [l‚
332 1760 359 1824 3]
378 1760 507 1812 Innumero
515 1772 643 1827 praeterea
654 1763 717 1826 alia]
736 1766 812 1816 Voss.
824 1765 947 1814 innumera
958 1764 1010 1815 aliis
1018 1773 1151 1829 practmea.
1168 1764 1248 1826 Lege,

128 1853 261 1907 praetereo.

167 1928 232 1979 Car.
248 1929 293 1978 VL
315 1927 367 1990 [ἓῆ
382 1927 427 1991 36]
445 1929 481 1978 Et
496 1929 577 1979 eadem
593 1929 675 1980 calida
690 1932 842 1980 membrorum
859 1929 978 1980 doloribus
993 1920 1159 1994 spondendae]
1178 1929 1247 1990 Qua·

133 2019 190 2058 tuor
210 2013 308 2074 scripti:
340 2012 509 2062 Terebintlino
530 2012 632 2063 illinitur
652 2013 733 2063 eadem
754 2013 836 2063 calida
855 2015 1009 2063 membrorum
1030 2012 1146 2061 doloribus
1166 2011 1248 2075 spatia

132 2109 205 2154 usque
222 2095 246 2141 in
263 2093 310 2142 sole
321 2094 426 2144 evellitur
437 2105 460 2144 et
472 2097 525 2144 totis
535 2097 680 2161 corporibus.
699 2099 774 2148 Voss.
787 2096 944 2146 terebinthina
956 2097 1062 2146 inlinitur
1074 2094 1154 2144 eadem
1166 2093 1247 2143 saida

132 2179 270 2225 memorbum
286 2176 413 2228 doloribus.
439 2182 528 2240 Forte,
543 2181 680 2244 pernionum
698 2179 823 2229 doloribus.
841 2182 941 2230 Deinde
957 2183 1036 2229 idem:
1052 2178 1207 2241 spoliatisque
1223 2178 1247 2224 in

131 2258 180 2307 sole
197 2259 312 2311 avellitur.
333 2262 370 2311 Ut
385 2264 519 2314 Terentius
535 2265 562 2312 in
577 2263 704 2326 Adelphis
722 2260 762 2323 [l.
780 2270 803 2322 2,
820 2260 865 2323 46]
884 2261 978 2310 lectulos
995 2261 1019 2310 in
1040 2260 1095 2309 sole.
1116 2262 1160 2310 lib.
1174 2266 1214 2320 20,
1232 2265 1246 2308 9

132 2341 188 2404 [40‚
203 2341 262 2405 103]
281 2360 359 2393 eorum
374 2347 480 2394 rubentes
496 2346 597 2395 manime
608 2345 634 2394 in
645 2345 693 2394 sole
704 2344 767 2395 illiti.
787 2346 918 2408 Sequitur:
935 2351 958 2392 et
970 2343 1024 2392 totis
1035 2343 1170 2406 corporibus
1182 2358 1249 2408 man-¹

130 2443 216 2488 panum
229 2428 330 2476 maxime
341 2445 406 2478 cura.
425 2431 552 2492 intellige,
565 2431 673 2479 illinitur
685 2437 710 2479 st
722 2429 839 2479 avellitur
848 2426 971 2477 similiter.

168 2510 232 2560 Gar.
249 2509 376 2573 V11.[as‚
393 2511 438 2574 at]
456 2512 594 2575 Spissarum
611 2512 736 2561 utilissimo
751 2510 869 2560 medicina
880 2509 1038 2573 estBruttia]
1056 2512 1122 2562 Dela
1134 2511 1246 2568 verbum,

131 2596 203 2656 quod
215 2597 326 2657 quinque
338 2597 523 2645 membranacei
534 2597 661 2658 ignorant.
679 2630 683 2635 -

166 2677 230 2727 Csr.
249 2678 323 2727 vm
349 2677 406 2740 [29,
427 2678 471 2742 44]
499 2679 611 2729 Omnibus
630 2679 770 2743 serpentium
792 2687 814 2727 et
833 2678 980 2742 scorpionum
1002 2679 1095 2728 varenis
1115 2676 1244 2740 medentur]

130 2762 233 2810 Desunt
250 2762 277 2810 in
291 2762 367 2811 Voss.
386 2771 415 2811 ut
431 2771 457 2812 et
472 2764 498 2812 in
516 2764 617 2814 Cbiflet
633 2771 656 2811 et
672 2763 825 2826 scorpionum.
843 2763 895 2814 Sed
911 2765 1013 2827 insuper
1028 2777 1117 2814 omues
1134 2763 1246 2827 quinqua

131 2846 212 2895 nostri
224 2846 311 2895 iubent
322 2846 407 2895 induci
419 2844 546 2895 medentur.
564 2847 717 2910 Intelligitur
728 2848 796 2897 euim
808 2863 842 2896 ex
852 2847 1010 2910 praecedenti
1022 2847 1144 2906 membro,
1161 2845 1246 2895 adver·

130 2936 221 2977 santur.
243 2930 279 2978 sic
294 2944 349 2992 cap.
366 2930 480 2992 sequenti
499 2928 556 2991 [38,
573 2929 630 2992 61]:
645 2928 810 2978 Adversantur
827 2929 920 2977 venenis
935 2928 1083 2990 serpentium.
1100 2938 1125 2977 et
1142 2943 1196 2990 cap.
1216 2934 1245 2976 13

132 3011 185 3073 [73,
201 3010 273 3073 117]:
284 3010 450 3061 Adversuntur
460 3013 600 3076 serpentium
612 3011 807 3061 sceleratissimis.

167 3093 220 3156 [32
235 3093 279 3156 47]
304 3095 422 3145 Verrucas
436 3095 585 3161 populusque
601 3104 623 3143 et
640 3095 725 3142 attrita
737 3094 841 3157 corporis
854 3091 923 3154 tollit]
943 3093 1060 3152 Quatuor
1071 3094 1245 3142 membranae:

131 3187 153 3225 et
170 3179 254 3226 attritu
269 3178 388 3228 odoratus.
406 3181 482 3230 Voss.
500 3189 526 3230 et
537 3179 638 3229 Ohisset.
656 3193 684 3226 ea
700 3178 783 3226 attritu
800 3175 919 3225 odoratas.
937 3178 1020 3239 Lege:
1043 3176 1160 3226 Verrucos
1167 3191 1246 3239 popu-

131 3263 212 3325 lusque
224 3279 253 3310 ea
264 3263 349 3312 attritu
360 3272 425 3313 ortas
437 3263 504 3315 tollit.

166 3344 224 3406 [36,
247 3344 290 3408 54]
316 3344 393 3396 Cedro
408 3347 527 3398 assimilis.
555 3347 591 3396 Et
606 3347 655 3396 eius
671 3346 717 3396 duo
731 3343 832 3410 pemmo]
855 3346 931 3395 Voss.
948 3354 974 3395 et
989 3344 1063 3396 chifl.
1081 3354 1106 3396 st
1120 3346 1243 3396 Pintiuni:

130 3427 199 3477 cedro
216 3427 279 3477 aiios
293 3429 386 3479 similis.
403 3430 440 3479 Et
454 3430 523 3480 buius
538 3430 584 3480 cluo
598 3447 652 3495 pen.
673 3431 750 3482 Plinii
765 3429 827 3489 fuit,
845 3428 914 3477 cedro
930 3427 982 3477 aliu
996 3429 1087 3480 similis.
1103 3441 1139 3491 ut,
1161 3430 1246 3480 Omnia

130 3512 253 3562 Mercurio
268 3513 360 3563 similis.
384 3515 461 3565 Voss.
479 3529 587 3578 quoque,
604 3514 683 3563 altera
698 3514 797 3563 minuta.
819 3513 901 3564 Aosd.
920 3521 945 3563 et
962 3513 1028 3564 Gud.
1046 3513 1113 3562 cedri
1127 3512 1244 3562 disimilis.

129 3599 263 3659 Andagav.
275 3596 345 3645 cedro
356 3605 400 3645 ata
410 3597 502 3646 similis.
520 3599 622 3662 Menap.
635 3597 729 3648 cedride
740 3596 832 3647 similis.

163 3681 227 3731 Gar.
244 3681 292 3731 lx.
310 3679 367 3742 [40‚
389 3679 433 3744 66]
452 3680 537 3730 Floras
553 3683 638 3746 apibus
653 3679 798 3745 pratissims]
826 3681 885 3744 Opi.
898 3679 979 3743 floria
1003 3688 1028 3730 et
1043 3678 1143 3729 suavius
1160 3684 1244 3728 sonat:

132 3764 233 3816 Genista
244 3781 334 3828 quoque
345 3763 434 3814 vinculi
443 3781 508 3814 usum
517 3773 634 3829 praestat.
642 3765 716 3827 floris
728 3764 811 3828 apibus
821 3764 959 3829 pratusimi.

163 3848 228 3898 Car.
240 3851 274 3898 X.
288 3847 341 3910 [48,
355 3847 400 3910 81]
418 3848 571 3914 Hypoctstbis
586 3865 657 3912 quarn
674 3848 734 3896 inter
751 3847 851 3897 liederus
868 3844 981 3907 dicimus]
1000 3847 1152 3895 Memoriam
1168 3846 1245 3896 Plinii

127 3933 233 3994 requirit
243 3933 434 3996 Dalecampius.
452 3933 503 3983 Sed
519 3932 584 3983 sorte
599 3933 761 3981 librariorum
773 3932 848 3996 culpa
860 3941 906 3992 est,
922 3946 974 3981 non
990 3930 1075 3981 Plinii.
1092 3928 1130 3978 Ut
1147 3927 1244 3978 Salma-

128 4017 180 4067 sius
198 4017 340 4077 tentaverit,
357 4018 442 4066 videre
458 4018 519 4068 licet
534 4020 568 4066 sd
580 4016 660 4067 Solin.
672 4032 697 4081 p.
710 4021 768 4067 ³67.
791 4016 940 4076 Vossianus,
958 4013 1019 4062 inter
1035 4013 1125 4062 barbas.
1145 4013 1244 4063 Scribas

127 4101 205 4162 igitur
216 4092 322 4149 censeo:
338 4116 398 4163 quas
410 4100 470 4149 inter
481 4099 567 4150 barbas
579 4099 688 4155 dicemus.
702 4110 728 4150 st
741 4101 866 4164 praestitit
877 4100 919 4170 lib.
932 4104 973 4159 26,
987 4103 1001 4146 6
1015 4096 1068 4160 [31,
1081 4095 1134 4158 49].
1153 4098 1188 4146 sic
1200 4097 1243 4146 lib.

128 4189 169 4244 29,
182 4188 196 4231 6
212 4181 265 4245 [38,
281 4181 355 4245 180]:
373 4182 449 4234 Stibis
461 4182 520 4246 quid
528 4183 567 4247 sit,
579 4183 681 4234 &emus
692 4184 718 4234 in
730 4183 838 4233 metallis.
