2760 4734
571 291 816 335 PROLEGOIOEM·
1183 290 1254 332 XXV

173 441 255 506 Item
277 438 419 524 syllabae
432 438 483 504 bis
496 438 621 525 positae
635 437 849 523 reperiuntur,
872 458 945 501 cum
959 436 1157 520 antiquarius
1171 459 1252 525 neg-

131 551 213 615 lecto
235 559 371 635 puncto,
402 548 489 633 quod
511 547 735 633 compendium
758 545 917 612 scribendi
938 545 1109 624 indicaret,
1140 546 1254 611 iterum

131 657 288 743 syllabam
316 657 465 722 omissam
492 667 666 744 repeteret,
698 666 734 721 ut
765 657 953 720 afferamus:
991 653 1188 742 -b·[us]us
1220 679 1253 741 p.

130 769 161 846 8,
186 769 237 846 22,
260 766 454 855 ..q·[ce]uc
475 790 507 852 p.
532 769 583 844 69,
607 769 637 832 5.

177 876 335 942 Graviore
357 899 433 942 vero
455 899 561 942 errore
581 877 744 963 integrum
757 875 886 959 aliquod
901 875 1092 941 vocabulum
1107 875 1157 938 vel
1171 875 1251 940 adeo

129 987 224 1072 plura
244 986 377 1071 repetita
399 997 484 1064 sunt,
512 1009 594 1070 quae
615 985 649 1049 in
672 985 741 1050 aliis
764 1007 890 1070 quoque
910 1007 987 1049 mss.
1010 984 1253 1070 deprehendun-

131 1106 183 1160 tnr
206 1106 238 1160 et
257 1108 514 1183 paragrammata
535 1107 690 1161 vocantur
697 1119 706 1171 ;
729 1107 766 1160 ut
788 1093 943 1180 exemplis
965 1104 1108 1158 utamur:
1137 1098 1254 1160 teritur

129 1208 247 1270 teritur
267 1227 299 1291 p.
323 1207 394 1284 184,
419 1207 448 1284 5,
476 1208 577 1291 niqria
604 1207 705 1291 nigris
733 1228 766 1291 p.
789 1204 862 1282 239,
887 1206 917 1281 6,
944 1215 979 1267 ut
1003 1192 1040 1268 vut
1067 1226 1099 1290 p.
1124 1204 1197 1283 235,
1220 1207 1252 1282 2,

130 1319 313 1401 reprimunt
333 1318 512 1401 exprimant
536 1337 567 1400 p.
591 1316 664 1391 239,
688 1316 718 1392 1,
747 1314 858 1379 liemia
880 1315 989 1398 quales
1010 1315 1122 1378 hiemis
1144 1315 1253 1400 quales

128 1446 162 1510 p.
185 1426 257 1502 167,
278 1426 308 1501 2,
335 1427 439 1511 pipnit
459 1427 546 1510 qnod
560 1426 664 1510 piguit
684 1427 770 1509 quod
789 1447 822 1509 p.
845 1424 919 1500 173,
943 1423 992 1500 10,
1016 1424 1128 1508 quibus
1144 1446 1253 1509 parva

128 1535 266 1599 nobilem
286 1534 399 1619 quibua
406 1557 515 1620 parva
529 1534 667 1598 nobilem
681 1554 713 1617 p.
729 1535 781 1610 75,
796 1533 847 1597 25.
870 1534 921 1596 26.
950 1534 1080 1597 arbores
1102 1554 1166 1596 noa
1179 1533 1253 1619 fere

129 1644 261 1707 arborea
282 1667 346 1708 aon
359 1643 433 1729 sere
455 1664 487 1727 p.
504 1644 576 1718 153,
592 1646 643 1720 22,
667 1643 806 1712 aliaest
827 1654 977 1728 quantum
998 1643 1111 1706 biberit
1131 1653 1253 1706 tantam

129 1806 169 1814 -
191 1753 275 1817 alias
293 1765 328 1817 ut
347 1765 499 1838 quantum
521 1753 634 1817 biberit
651 1763 772 1816 tantum
793 1774 826 1837 p.
849 1754 922 1829 217,
947 1754 997 1829 14,
1026 1752 1175 1837 antipatro
1199 1774 1252 1837 ry-

129 1883 221 1927 maeo
245 1872 317 1940 cet,
342 1866 490 1949 antipono
514 1884 641 1948 cymam
663 1884 696 1947 p.
720 1863 792 1938 227,
816 1862 835 1925 6
858 1882 945 1945 seqq.

174 1968 379 2056 Quamquam
400 1994 478 2036 vero
501 1970 603 2036 codex
622 1972 717 2056 lapsu
736 1969 848 2034 calami
864 1971 991 2056 saepius
1007 1980 1055 2034 est
1070 1979 1250 2054 corruptus,

127 2090 269 2145 attamen
295 2102 399 2164 neque
422 2080 566 2146 socordia
593 2101 698 2164 neque
729 2081 935 2145 tumultuaria
957 2101 1054 2165 opera
1075 2080 1251 2157 confectus,

128 2189 187 2253 sed
209 2188 250 2254 ab
272 2189 384 2256 eodem
399 2189 576 2274 antiquario
591 2188 741 2254 secundis
762 2189 848 2254 curis
864 2188 1049 2253 emendatus
1063 2201 1121 2254 est.
1143 2189 1183 2254 In
1204 2191 1252 2254 ul·

128 2298 209 2363 tima
230 2299 314 2362 enim
335 2300 455 2387 pagina
476 2299 550 2365 libri
572 2298 674 2363 XIII.
697 2321 730 2383 p.
748 2301 824 2376 176,
836 2300 879 2362 24
898 2321 930 2362 n.
947 2297 996 2362 ed.
1019 2298 1157 2382 obliquis
1177 2299 1250 2364 lite-

125 2408 184 2485 ris,
207 2430 344 2492 quarum
364 2432 444 2474 usus
465 2410 499 2473 in
521 2409 703 2495 diplomatis
720 2408 839 2474 saeculi
853 2407 957 2492 quinti
972 2430 1043 2473 esse
1051 2409 1149 2487 solet,
1171 2408 1250 2473 haec

126 2539 193 2583 vox
220 2517 381 2604 adscripta
401 2518 536 2604 legitur:
568 2517 764 2606 amenaque]
793 2519 860 2583 scil.
882 2518 1015 2596 librum,
1044 2518 1132 2603 quod
1153 2540 1249 2584 voca-

125 2627 242 2710 bulum·
256 2627 371 2692 eadem
391 2651 489 2693 manu
510 2628 656 2693 additum
678 2638 735 2705 est,
763 2650 845 2712 quae
866 2638 967 2693 totum
993 2627 1078 2693 hunc
1105 2628 1249 2694 codicem

126 2735 274 2802 exaravit
294 2748 391 2820 atque
413 2738 559 2803 correxit.
596 2736 651 2801 Ex
677 2759 742 2822 quo
770 2737 975 2821 consequitur
1001 2736 1043 2801 ab
1070 2737 1248 2821 antiquario

125 2845 200 2930 ipso
222 2847 460 2912 emendationes
481 2847 556 2913 libri
578 2870 650 2913 esse
670 2847 783 2913 factas.
809 2846 991 2912 Identidem
1012 2869 1053 2912 ex
1074 2845 1135 2912 hac
1154 2869 1246 2912 men-

127 2955 241 3019 dorum
268 2956 463 3022 correctione
495 2956 596 3040 liquet
625 2979 708 3036 eum,
741 2957 797 3041 qui
823 2956 942 3021 librum
970 2956 1179 3041 transcripsit,
1217 2967 1249 3022 et

127 3065 228 3129 latine
250 3075 282 3129 et
307 3087 424 3152 graece
446 3066 575 3132 doctum
603 3068 703 3132 fuisse
732 3067 1018 3153 apographumqne
1040 3089 1113 3130 cum
1136 3066 1248 3132 arche-

126 3186 205 3259 typo
228 3174 412 3252 contulisse,
439 3176 537 3260 quod,
563 3186 601 3240 nt
622 3199 663 3242 ex
684 3176 871 3263 apographo
892 3175 1062 3262 colligitur,
1091 3177 1248 3262 optimum

126 3296 161 3350 et
187 3284 444 3369 antiquissimum
473 3286 636 3370 exemplar
664 3286 806 3351 omnium
834 3296 990 3370 quotquot
1011 3296 1138 3350 exstant
1160 3285 1248 3350 codi-

126 3417 201 3460 cum
215 3394 438 3460 Plinianorum
460 3395 562 3460 luisse
583 3417 773 3480 persuasum
793 3394 976 3460 habeamus.
999 3393 1169 3461 Secundae
1189 3418 1254 3460 au-.

127 3515 192 3568 tem
205 3503 291 3568 illius
306 3526 402 3570 curae
415 3526 497 3588 quae
510 3505 606 3570 firerit
619 3504 712 3582 ratio,
730 3504 842 3589 paucis
856 3505 1065 3570 indicandum
1079 3504 1172 3571 nobis
1187 3518 1248 3572 est.

169 3612 371 3679 Emendator
385 3615 469 3679 enim
485 3637 740 3700 supervacaneas
756 3615 865 3680 literas
881 3616 933 3681 vel
948 3614 1074 3680 lineolis
1093 3616 1248 3681 traductis

126 3724 179 3789 vel
193 3722 323 3808 punctis
337 3723 498 3809 impositis
511 3725 642 3803 notavit,
661 3724 747 3788 idem
762 3725 861 3790 falsas
877 3725 995 3790 delevit
1009 3749 1041 3810 p.
1054 3726 1105 3804 66,
1119 3726 1148 3789 6.
1173 3727 1246 3803 100,

127 3834 178 3900 25.
203 3833 274 3911 132,
291 3833 321 3898 5.
345 3834 416 3912 167,
439 3835 481 3899 20
502 3845 600 3918 atque
622 3845 724 3899 rectas
746 3834 885 3899 restituit
907 3857 938 3919 p.
963 3837 1035 3912 167,
1052 3835 1082 3912 9,
1105 3835 1246 3919 syllabas

125 3944 262 4010 omissas
284 3941 400 4008 adiecit
421 3966 455 4028 p.
475 3945 548 4021 197,
568 3946 597 4008 9.
627 3946 698 4023 199,
722 3945 772 4008 13.
802 3946 874 4021 204,
894 3945 923 4009 2.
955 3946 1026 4021 151,
1049 3946 1080 4009 3.
1106 3946 1176 4021 166,
1192 3946 1245 4021 22,

126 4064 160 4119 et
187 4053 350 4141 neglectas
377 4052 531 4118 orationis
556 4053 732 4138 particulas
760 4054 883 4119 addidit
912 4078 944 4139 p.
969 4056 1026 4130 15,
1048 4058 1098 4119 27.
1122 4057 1246 4130 21-1,1.

126 4163 200 4240 230,
224 4166 253 4226 1.
