2760 4734
449 271 554 314 NOTAE
570 272 613 312 AD
628 272 710 313 nmis.
725 271 807 314 xxn.
823 273 920 314 xxm.

499 447 566 513 AD
588 447 708 514 LIBR.
731 447 867 513 XXHI.

160 595 282 642 Pnoonn.
302 587 385 653 [trin]
409 588 542 650 Panaque
553 585 657 636 medicas
664 585 820 650 pendentibus
831 603 920 650 quoque
931 585 1009 648 dedit]
1031 589 1107 639 Voss.
1116 597 1244 652 partesque

127 675 265 724 medicasset
278 672 440 737 peridentibus
456 669 528 721 dedit.
552 671 649 722 Scribo.
670 679 800 735 partesque
810 670 914 720 medicas
925 667 948 719 ά
955 670 1108 734 pendentibus
1119 671 1191 722 dedit.
1209 674 1244 724 Ut

127 761 202 823 piane
214 772 299 808 comes
312 758 365 807 eins
377 756 519 805 Vossianus
530 755 602 804 alter.

162 840 223 903 [Ib]
242 841 350 889 Primum
363 837 423 886 enim
434 837 523 887 bomini
532 837 691 901 cibumsu'sse
703 837 757 889 inde
768 846 791 886 et
800 838 836 887 sic
847 836 965 899 indictos]
980 839 1130 900 Vossianus,
1143 786 1243 887 Μαάθ.

127 928 216 976 Recte:
234 924 370 989 praecessit
381 923 449 971 enim
461 920 556 983 bomini,
573 923 617 984 qni
628 929 653 969 et
662 921 697 970 sic
709 919 952 985 (superscripsi,
969 924 1045 972 etiem
1057 923 1106 972 bsc
1117 938 1152 983 re,
1168 923 1243 972 etism

127 1012 175 1060 hac
191 1005 337 1068 occasione)
354 1008 472 1056 inductus
488 1013 541 1067 est,-
550 1015 578 1056 ut
593 1006 695 1055 coelum
710 1013 844 1070 spectaret,
863 1007 924 1056 dum
939 1021 1031 1071 nempe
1045 1021 1080 1056 ex
1096 1008 1149 1056 olto
1160 1006 1244 1056 cibum

127 1096 195 1157 petit.
215 1093 318 1144 Ovidius
331 1089 446 1152 [metam.
459 1089 480 1150 I,
494 1088 538 1151 85]
551 1088 683 1152 coelumque
695 1090 757 1138 nes·
765 1088 847 1140 Iussit

162 1177 226 1227 cir.
238 1179 259 1225 1.
274 1174 327 1237 [12‚
340 1172 382 1235 16]
402 1173 498 1224 Sonant
509 1172 657 1237 epinyctidas
667 1180 691 1221 ct
701 1171 870 1237 dysenteriam]
888 1174 964 1223 Voss.
976 1171 1122 1238 epinyctidas
1133 1182 1156 1222 et
1168 1172 1245 1222 theria

126 1269 150 1307 et
161 1258 324 1323 dysenteriam.
336 1260 414 1320 Lege,
426 1256 499 1317 caia,
511 1253 600 1321 κηρία.
617 1256 662 1306 lib.
672 1264 713 1318 20,
723 1263 738 1306 2
750 1255 787 1322 [6,
797 1255 854 1319 ll]:
866 1256 952 1307 Badis
963 1265 1035 1306 estrat
1045 1256 1126 1306 ulcera
1137 1267 1245 1307 ommia

126 1346 151 1392 in
164 1342 255 1390 modum
264 1341 331 1404 saci,
343 1356 404 1404 quae
415 1339 480 1389 ceria
491 1347 581 1388 θοοαά.
599 1340 644 1389 lib.
657 1345 697 1400 2³,
712 1346 725 1391 'l
739 1338 794 1401 [63,
809 1338 880 1402 169]=
891 1339 967 1389 Iidem
978 1357 1031 1390 cum
1042 1339 1109 1389 melle
1120 1340 1244 1402 ulceribus,

126 1444 189 1490 quac
205 1428 269 1475 certa
284 1433 376 1486 cocant,
392 1424 522 1473 illimmtur.
544 1425 688 1474 Etrurine:
711 1423 779 1481 Quae
795 1424 933 1474 mollibsima
948 1433 1043 1473 nentes
1055 1424 1099 1486 bis,
1116 1442 1168 1474 cum
1179 1435 1245 1476 aceto

126 1511 207 1559 ulcera
223 1509 354 1568 manantia,
371 1506 526 1571 epinyctidas,
535 1507 650 1570 farsitus
659 1516 754 1556 sanant
780 1505 837 1557 &m
851 1507 918 1558 melle
925 1507 999 1571 soliis
1012 1508 1081 1556 serio
1095 1517 1212 1558 sananim
1223 1517 1245 1557 et

126 1595 193 1642 canis
209 1609 306 1641 morsus.
334 1591 375 1641 Sic
397 1593 464 1640 enim
483 1591 546 1640 Mss.
565 1591 667 1640 Psellns
683 1587 744 1656 περὶ
762 1592 859 1639 καινῶν
877 1589 1015 1652 ὀνομάτων
1032 1589 1064 1640 ἐν
1082 1590 1242 1657 νοσήμασιν·

126 1672 229 1743 Κημίον
247 1672 328 1738 ὄγκος
344 1670 388 1722 ἐπὶ
406 1673 455 1722 τοῦ
471 1671 608 1737 δέρματος
622 1668 693 1737 ἔχων
710 1669 894 1738 conspicite.
918 1675 1059 1740 Occupsvit
1074 1685 1100 1726 et
1115 1677 1167 1724 hoc
1183 1677 1243 1726 Pin-

128 1762 217 1810 tienus.
236 1760 312 1808 Voss.
324 1758 425 1820 Andeg.
444 1755 591 1821 epinyctidas
603 1764 626 1804 st
636 1757 746 1805 ceteriam
758 1754 931 1822 dycsinteriam.

162 1842 215 1904 [19,
228 1840 279 1903 32]
297 1841 372 1891 Unum
389 1838 516 1895 dedendo
532 1838 638 1889 coleman
649 1837 715 1889 Asel.
726 1839 840 1901 condidit,
858 1841 889 1889 ab
906 1857 933 1889 eo
944 1840 1143 1904 coynominatum]
1167 1844 1242 1892 Voss.

133 1926 209 1974 Unum
222 1923 250 1973 de
262 1923 343 1972 danda
353 1939 381 1973 eo
392 1922 505 1972 volcmar.
528 1925 628 1973 Deinde
638 1922 814 1986 ccynominatis.
838 1923 883 1973 An
898 1925 1036 1985 legendnm
1051 1922 1242 1987 ccysominatusl

127 2018 157 2058 ut
173 2018 212 2059 est
226 2010 253 2058 in
268 2010 369 2070 Andcg.
386 2016 413 2058 et
427 2009 531 2072 Mensp.
547 2015 574 2056 et
589 2006 666 2068 sind„
683 2008 728 2070 qni
743 2008 831 2067 etiem,
852 2005 932 2056 davide
948 2016 970 2056 et
986 2006 1098 2057 volumen.
1116 2007 1161 2056 lib.
1173 2010 1243 2066 26,³

129 2091 165 2154 [8,
186 2091 239 2153 14]:
266 2091 316 2154 epse
336 2089 498 2155 coynominari
515 2106 541 2138 se
552 2088 654 2154 friyida
670 2088 753 2138 danda
769 2090 916 2152 praeferens.
943 2092 994 2141 Ubi
1015 2098 1101 2141 tamen
1121 2091 1242 2155 optimus:

127 2173 316 2238 coynominuueri
328 2189 360 2222 ee.
383 2173 525 2236 Numquid,
543 2173 593 2236 ipsc
609 2188 734 2236 coynamn
745 2173 777 2221 ab
788 2172 867 2236 osyris
876 2172 975 2236 sriyida
991 2172 1074 2222 danda
1087 2173 1242 2237 prsej'erensi

128 2259 180 2309 Sed
196 2259 231 2306 ibi
247 2260 279 2307 de
294 2273 368 2320 sque,
385 2259 428 2307 tric
445 2260 476 2307 de
487 2258 546 2307 vino
558 2258 650 2320 egitur.
673 2256 745 2307 Ideni
761 2258 857 2307 codex:
880 2257 923 2319 qui
935 2265 1018 2320 postea
1029 2273 1091 2306 θοο.
1113 2259 1242 2307 Fortesse:
1257 2260 1306 2309 too

133 2340 209 2389 Unum
225 2339 254 2389 de
271 2339 350 2390 dando
365 2357 391 2389 eo
407 2339 512 2389 volumen
527 2339 683 2404 Amlcpsadee
698 2339 811 2390 condidit.
837 2339 877 2388 Ab
893 2356 920 2388 eo
936 2339 1094 2404 ccynominati
1108 2340 1150 2403 qui
1162 2348 1244 2404 postea

119 2426 201 2487 suere,
213 2423 242 2472 de
253 2423 367 2474 volumine
379 2423 420 2474 illo
432 2423 560 2474 disseruere
571 2424 701 2473 innumera.

164 2507 216 2570 [20‚
229 2507 274 2569 st]
296 2507 366 2558 Haec
382 2517 459 2556 tamen
466 2508 554 2571 facere
569 2508 755 2556 constantissime
770 2507 878 2557 sidentur
889 2508 1018 2558 sententiae
1029 2506 1162 2569 αι’άονὲαοι]
1181 2509 1243 2557 Vox

128 2594 219 2642 ultime
230 2607 283 2641 non
294 2593 370 2642 estin
381 2593 517 2652 vossiano,
533 2593 570 2641 uti
582 2605 630 2641 nec
641 2594 668 2640 in
678 2591 840 2643 chifletisno.
861 2593 915 2644 Sed
926 2594 1066 2644 Vossianus
1081 2593 1169 2642 eiam:
1187 2591 1244 2642 Hae

130 2687 213 2739 tamen,
226 2662 323 2739 deinde,
342 2674 485 2725 discriminis
496 2674 576 2739 caiyit.
598 2676 697 2727 Scribe:
714 2676 772 2726 Hae
785 2678 953 2741 tamensacere
964 2677 1152 2726 constantissime
1163 2674 1242 2725 ciden-
1296 2721 1298 2726 .

129 2771 167 2810 tnr
177 2761 314 2821 sententias,
331 2775 433 2823 quarum
447 2757 493 2820 (de
504 2759 662 2819 Surrentino,
677 2761 788 2821 Albano,
799 2760 924 2824 Polemo)
940 2761 1075 2810 mendenen
1083 2761 1196 2824 fecirnus.
1214 2759 1245 2810 Si

128 2844 181 2908 quis
191 2844 234 2893 boc
245 2859 337 2907 quoque
348 2841 585 2906 discriminis‘eciyit‚
602 2842 730 2893 Faenum
747 2860 788 2894 nec
805 2845 830 2893 in
845 2847 947 2895 mcccc
958 2861 1000 2894 nec
1010 2845 1035 2894 in
1047 2844 1121 2893 mnia
1131 2851 1244 2892 vecislate

128 2926 326 2992 cosparisulubre
337 2934 379 2987 est,
392 2933 440 2976 etc
459 2922 649 2975 constantissime
656 2927 745 2989 sacae
756 2936 795 2977 est
807 2929 996 2988 constantiores,
1012 2941 1095 2990 neque
1106 2929 1142 2975 ite
1152 2927 1243 2986 venae,

128 3027 191 3062 esse.
212 3011 268 3061 Nisi
282 3011 365 3070 molis,
373 3007 454 3072 facilc
468 3010 660 3058 constantissime.
681 3009 737 3060 Alii
752 3012 849 3074 scripti:
866 3010 936 3060 Haec
953 3017 1029 3058 ιαθιοα
1037 3009 1124 3071 facere
1135 3016 1243 3057 αθαάαα-

130 3094 216 3142 tissimc
228 3091 335 3146 sidentur
346 3092 466 3142 lictoriae.

164 3176 217 3239 [21,
231 3174 275 3238 36]
300 3175 463 3228 Veianentiue
474 3175 550 3225 mima
560 3173 677 3237 Falerno]
701 3175 776 3226 chin
788 3183 814 3224 et
825 3175 946 3225 Vossisni
958 3176 1016 3236 dno,
1033 3175 1138 3225 Ραῐθηιο
1149 3175 1242 3225 babent.

128 3262 226 3312 Scribe:
250 3259 343 3311 Vinium
355 3258 412 3324 plus
428 3259 579 3321 Surrentino,
595 3258 742 3308 austeritatis
757 3257 864 3320 Albana,
881 3256 1036 3307 samniae
1049 3258 1126 3308 minus
1137 3258 1244 3308 Falerna

128 3344 220 3393 liabent.

163 3425 216 3489 [23,
229 3425 274 3489 41]
299 3426 376 3477 (iceras
392 3427 543 3491 ciyoremque
558 3426 634 3475 animi
649 3424 757 3490 impedit]
781 3426 894 3476 Verbum
910 3424 1008 3490 impedit
1021 3441 1104 3491 neque
1119 3429 1145 3478 in
1161 3429 1243 3479 Acsd.

127 3526 210 3574 neque
221 3512 248 3559 in
259 3512 336 3561 Voss.
350 3513 532 3578 conspicuum
546 3509 614 3560 Nem
628 3511 656 3558 in
672 3510 739 3561 Gud.
757 3517 783 3560 et
794 3511 869 3561 Voss.
885 3513 984 3561 duobus
1000 3527 1087 3563 rursus
1099 3513 1140 3561 bic
1151 3513 1245 3561 lscnns

127 3611 143 3643 a
156 3596 246 3656 verbis,
258 3594 364 3658 Reliqua
374 3595 400 3643 in
412 3609 530 3643 commum
541 3591 655 3654 dicentur,
667 3607 747 3656 nsque
758 3596 791 3643 sd
802 3592 935 3645 Plurimum
939 3595 1010 3657 secta
1020 3593 1131 3642 medetur.
1147 3592 1245 3655 podest

76 3718 78 3720 .
127 3676 244 3727 eradines.
263 3678 317 3727 item
328 3677 408 3742 lepris.
426 3678 469 3730 Sic
481 3679 548 3728 enim
559 3677 629 3727 And.
645 3676 684 3727 At
694 3678 798 3741 Menap.
811 3686 836 3727 et
847 3678 914 3728 Gui.
927 3677 1058 3727 Pluinnam
1062 3677 1121 3738 fotu
1132 3674 1243 3724 medetur.

127 3759 232 3809 Prodest
245 3770 333 3810 ,contra
350 3760 466 3811 erudines.
490 3762 543 3809 item
559 3759 616 3823 lepr.
642 3760 740 3823 Nempe
760 3762 898 3823 reliquerat
916 3762 1024 3812 Plinius:
1049 3760 1134 3808 Vinum
1153 3757 1244 3806 ieiunos

127 3844 204 3892 bibere
219 3843 393 3894 inutilissimum
409 3851 445 3892 est
461 3859 531 3892 curas
545 3842 694 3906 ciyoremyue
709 3841 785 3909 asini
799 3843 834 3892 ud
845 3843 990 3906 procinctum
1002 3840 1180 3891 intendentibm.
1203 3840 1246 3890 Ad

124 3928 280 3992 procinctum,
292 3928 319 3976 id
331 3935 376 3988 est,
388 3929 422 3977 sd
433 3929 510 3978 series
521 3941 561 3976 res
573 3927 693 3987 agendos.

163 4010 218 4072 [2:3,
231 4009 276 4072 42]
295 4011 402 4074 Itemque
413 4011 464 4075 iuyi
477 4010 623 4074 superbibere
633 4009 744 4059 ebrietati
754 4026 825 4072 qnam
837 4007 942 4072 quidem]
965 4010 1001 4060 Ut
1013 4009 1113 4060 Chiflet.
1126 4015 1152 4058 et
1161 4009 1243 4059 Acnd.

127 4081 206 4158 itque
221 4096 299 4145 Voss.
317 4095 454 4144 ebrietatem
470 4093 571 4157 quidem,
589 4095 642 4145 sine
657 4091 695 4157 τῷ
712 4109 792 4156 quam
815 4093 869 4143 Nec
885 4108 958 4143 secus
974 4094 1086 4142 Pintisni
1102 4094 1243 4157 exemplet:

128 4181 196 4229 unde
213 4180 272 4241 ilie,
293 4178 398 4242 interque
414 4179 510 4242 inrupere
525 4194 555 4228 cc
570 4178 722 4242 superbiisse
749 4175 894 4226 Ebrietatem
912 4175 1011 4238 quidem.
1038 4176 1136 4227 Scribe:
1158 4173 1245 4237 Aquae
