2760 4734
119 321 188 362 XLII
557 317 802 361 Pnomoomn.

121 490 190 533 sem
211 465 407 532 academiam
429 464 567 530 nominis
596 464 645 529 sui
673 464 758 529 fama
785 476 893 542 ornat,
926 477 1124 551 praeceptor
1154 467 1255 552 pica

120 577 214 643 nobis
229 575 392 654 colendus,
408 573 574 663 egregiam
584 597 715 660 operam
737 597 829 640 suam
850 573 893 638 ad
914 573 1079 639 edendum
1100 575 1197 642 hunc
1216 577 1253 641 li-

121 687 216 754 brum
243 685 361 752 eximia
388 683 612 750 benevolentia
637 682 732 749 nobis
760 695 794 750 et
814 683 998 750 obtulerunt
1018 695 1054 749 et
1075 686 1252 771 praestite-

121 807 205 861 runt.
238 795 301 862 His
323 796 423 884 igitur
444 793 523 859 viris
545 792 755 871 doctissimis,
782 794 810 859 si
839 793 919 878 quid
939 792 991 859 vel
1012 816 1103 858 nunc
1125 795 1251 863 lucrata

122 917 172 972 est
192 905 333 971 Pliniani
355 904 462 992 operis
484 903 576 970 crisis
599 925 640 969 ex
661 902 742 970 libro
763 901 956 981 Veronensi,
986 903 1038 968 vel
1062 905 1091 968 si
1112 905 1200 989 qnid
1220 906 1250 970 in

123 1025 290 1102 posterum
305 1037 347 1082 ex
366 1036 405 1080 eo
422 1013 608 1092 lucrabitur,
631 1034 704 1078 curn
725 1012 884 1078 doctiores
906 1011 998 1079 nobis
1014 1024 1071 1078 aut
1085 1016 1249 1081 acutiores

33 1198 38 1218 ὶ
123 1126 268 1191 homines
284 1124 434 1191 thesauro
448 1147 469 1189 a
481 1121 575 1188 nobis
589 1122 721 1189 invento
741 1122 905 1188 dexterius
925 1122 976 1189 usi
998 1134 1111 1202 erunt,
1137 1147 1248 1191 omnes

122 1235 194 1302 illos
216 1236 338 1302 fructus
360 1234 471 1300 deberi
493 1234 577 1321 grati
599 1233 801 1318 profitemur3
824 1255 957 1309 errores,
981 1231 1008 1297 si
1030 1253 1116 1316 quos
1131 1233 1247 1300 fortes

124 1344 218 1411 nobis
232 1345 392 1410 admissos
407 1344 675 1430 deprehenderint
686 1343 832 1420 lectores,
846 1340 996 1407 iuvenilis
1010 1343 1128 1408 aetatis
1145 1343 1245 1410 imbe-

124 1455 250 1521 cillitati
272 1453 500 1521 condonabunt
521 1464 577 1518 aut
598 1451 723 1539 prolixo
743 1455 854 1519 saltem
867 1460 977 1517 nostro
991 1451 1032 1517 de
1045 1451 1153 1520 literis
1168 1454 1245 1521 bene

62 1565 69 1580 ¹
125 1565 329 1650 promerendi
352 1564 456 1630 studio
478 1562 686 1628 excusabunt.

168 1714 336 1782 Dabamus
360 1713 554 1782 Carlsruhae
575 1713 654 1779 idib.
677 1714 796 1780 octobr.
819 1711 1078 1780 MDCOOLIV.
