<?xml version="1.0" encoding="UTF-8"?>
<!DOCTYPE html PUBLIC "-//W3C//DTD XHTML 1.0 Transitional//EN"
    "http://www.w3.org/TR/xhtml1/DTD/xhtml1-transitional.dtd">
<html xmlns="http://www.w3.org/1999/xhtml" xml:lang="en" lang="en">
 <head>
  <title>
</title>
<meta http-equiv="Content-Type" content="text/html;charset=utf-8" />
  <meta name='ocr-system' content='tesseract 3.04.00' />
  <meta name='ocr-capabilities' content='ocr_page ocr_carea ocr_par ocr_line ocrx_word'/>
</head>
<body>
  <div class='ocr_page' id='page_1' title='image "./cplinisecundina01grongoog_0430.png"; bbox 0 0 2760 4734; ppageno 0'>
   <div class='ocr_carea' id='block_1_1' title="bbox 408 291 1226 353">
    <p class='ocr_par' dir='ltr' id='par_1_1' title="bbox 408 291 1226 353">
     <span class='ocr_line' id='line_1_1' title="bbox 408 291 1226 353; baseline 0.004 -3"><span class='ocrx_word' id='word_1_1' title='bbox 408 308 513 350; x_wconf 78' lang='lat' dir='ltr'><strong><em>nosse</em></strong></span> <span class='ocrx_word' id='word_1_2' title='bbox 530 310 572 349; x_wconf 77' lang='lat' dir='ltr'><strong><em>sn</em></strong></span> <span class='ocrx_word' id='word_1_3' title='bbox 587 310 669 351; x_wconf 79' lang='lat' dir='ltr'><strong><em>nme.</em></strong></span> <span class='ocrx_word' id='word_1_4' title='bbox 685 309 790 350; x_wconf 86' lang='lat' dir='ltr'>xxxv.</span> <span class='ocrx_word' id='word_1_5' title='bbox 807 310 924 351; x_wconf 84' lang='lat' dir='ltr'><strong><em>xxxvs.</em></strong></span> <span class='ocrx_word' id='word_1_6' title='bbox 1167 291 1226 353; x_wconf 79' lang='lat'><strong><em>107</em></strong></span> 
     </span>
    </p>
   </div>
   <div class='ocr_carea' id='block_1_2' title="bbox 67 458 1316 3889">
    <p class='ocr_par' dir='ltr' id='par_1_2' title="bbox 100 458 1228 678">
     <span class='ocr_line' id='line_1_2' title="bbox 103 458 1226 527; baseline -0.002 -16"><span class='ocrx_word' id='word_1_7' title='bbox 103 477 163 527; x_wconf 76' lang='lat' dir='ltr'><strong><em>que,</em></strong></span> <span class='ocrx_word' id='word_1_8' title='bbox 181 468 229 510; x_wconf 82' lang='lat' dir='ltr'><strong><em>ete.</em></strong></span> <span class='ocrx_word' id='word_1_9' title='bbox 257 458 300 510; x_wconf 86' lang='lat' dir='ltr'><strong><em>Sic</em></strong></span> <span class='ocrx_word' id='word_1_10' title='bbox 320 467 405 507; x_wconf 84' lang='lat' dir='ltr'><strong><em>sutem</em></strong></span> <span class='ocrx_word' id='word_1_11' title='bbox 425 460 515 520; x_wconf 78' lang='lat' dir='ltr'>nostri,</span> <span class='ocrx_word' id='word_1_12' title='bbox 536 460 686 522; x_wconf 75' lang='lat' dir='ltr'><strong><em>praesertim</em></strong></span> <span class='ocrx_word' id='word_1_13' title='bbox 708 460 827 523; x_wconf 87' lang='lat' dir='ltr'><strong><em>optimus,</em></strong></span> <span class='ocrx_word' id='word_1_14' title='bbox 843 467 1008 519; x_wconf 86' lang='lat' dir='ltr'><strong><em>nonseoaret,</em></strong></span> <span class='ocrx_word' id='word_1_15' title='bbox 1025 475 1078 508; x_wconf 91' lang='lat' dir='ltr'><strong><em>non</em></strong></span> <span class='ocrx_word' id='word_1_16' title='bbox 1098 476 1142 523; x_wconf 84' lang='lat' dir='ltr'><strong><em>quo</em></strong></span> <span class='ocrx_word' id='word_1_17' title='bbox 1163 477 1226 509; x_wconf 87' lang='lat' dir='ltr'><strong><em>nar-</em></strong></span> 
     </span>
     <span class='ocr_line' id='line_1_3' title="bbox 100 542 1228 610; baseline -0.004 -16"><span class='ocrx_word' id='word_1_18' title='bbox 100 545 214 610; x_wconf 75' lang='lat' dir='ltr'><strong><em>pnritos,</em></strong></span> <span class='ocrx_word' id='word_1_19' title='bbox 234 557 301 607; x_wconf 86' lang='lat' dir='ltr'><strong><em>quse</em></strong></span> <span class='ocrx_word' id='word_1_20' title='bbox 316 543 435 606; x_wconf 75' lang='lat' dir='ltr'>propinat</span> <span class='ocrx_word' id='word_1_21' title='bbox 451 543 591 592; x_wconf 74' lang='lat' dir='ltr'><strong><em>Pincianus.</em></strong></span> <span class='ocrx_word' id='word_1_22' title='bbox 615 544 725 604; x_wconf 83' lang='lat' dir='ltr'><strong><em>Videtur</em></strong></span> <span class='ocrx_word' id='word_1_23' title='bbox 740 550 824 592; x_wconf 85' lang='lat' dir='ltr'><strong><em>sutem</em></strong></span> <span class='ocrx_word' id='word_1_24' title='bbox 842 543 1011 592; x_wconf 88' lang='lat' dir='ltr'><strong><em>scribendum:</em></strong></span> <span class='ocrx_word' id='word_1_25' title='bbox 1033 542 1098 605; x_wconf 85' lang='lat' dir='ltr'><strong><em>quod</em></strong></span> <span class='ocrx_word' id='word_1_26' title='bbox 1112 542 1228 593; x_wconf 69' lang='lat' dir='ltr'><strong><em>monerer</em></strong></span> 
     </span>
     <span class='ocr_line' id='line_1_4' title="bbox 101 608 413 678; baseline 0.013 -1"><span class='ocrx_word' id='word_1_27' title='bbox 101 644 232 678; x_wconf 78' lang='lat' dir='ltr'><strong><em>marmora.</em></strong></span> <span class='ocrx_word' id='word_1_28' title='bbox 404 608 413 625; x_wconf 77' lang='lat'><strong>.</strong></span> 
     </span>
    </p>

    <p class='ocr_par' dir='ltr' id='par_1_3' title="bbox 100 708 1304 1615">
     <span class='ocr_line' id='line_1_5' title="bbox 139 708 1229 775; baseline -0.005 -11"><span class='ocrx_word' id='word_1_29' title='bbox 139 711 176 775; x_wconf 93' lang='grc'><strong><em>[1,</em></strong></span> <span class='ocrx_word' id='word_1_30' title='bbox 189 710 217 774; x_wconf 81' lang='grc'><strong><em>3]</em></strong></span> <span class='ocrx_word' id='word_1_31' title='bbox 237 710 289 762; x_wconf 86' lang='lat' dir='ltr'><strong><em>Sed</em></strong></span> <span class='ocrx_word' id='word_1_32' title='bbox 305 719 327 758; x_wconf 91' lang='lat' dir='ltr'><strong><em>et</em></strong></span> <span class='ocrx_word' id='word_1_33' title='bbox 343 726 414 773; x_wconf 82' lang='lat' dir='ltr'><strong><em>quarn</em></strong></span> <span class='ocrx_word' id='word_1_34' title='bbox 431 710 481 758; x_wconf 88' lang='lat' dir='ltr'><strong><em>sine</em></strong></span> <span class='ocrx_word' id='word_1_35' title='bbox 502 710 539 758; x_wconf 84' lang='lat' dir='ltr'><strong><em>bis</em></strong></span> <span class='ocrx_word' id='word_1_36' title='bbox 559 709 682 759; x_wconf 79' lang='lat' dir='ltr'><strong><em>inultorum</em></strong></span> <span class='ocrx_word' id='word_1_37' title='bbox 696 710 778 774; x_wconf 87' lang='lat' dir='ltr'><strong><em>fuerit</em></strong></span> <span class='ocrx_word' id='word_1_38' title='bbox 794 710 884 759; x_wconf 89' lang='lat' dir='ltr'><strong><em>beatior</em></strong></span> <span class='ocrx_word' id='word_1_39' title='bbox 901 708 962 772; x_wconf 80' lang='lat' dir='ltr'><strong><em>uita]</em></strong></span> <span class='ocrx_word' id='word_1_40' title='bbox 989 712 1065 759; x_wconf 85' lang='lat' dir='ltr'><strong><em>Voss.</em></strong></span> <span class='ocrx_word' id='word_1_41' title='bbox 1083 709 1176 759; x_wconf 81' lang='lat' dir='ltr'><strong><em>uideam</em></strong></span> <span class='ocrx_word' id='word_1_42' title='bbox 1193 710 1229 759; x_wconf 85' lang='lat' dir='ltr'><strong><em>ad</em></strong></span> 
     </span>
     <span class='ocr_line' id='line_1_6' title="bbox 100 792 1227 859; baseline -0.002 -16"><span class='ocrx_word' id='word_1_43' title='bbox 100 812 175 859; x_wconf 74' lang='lat' dir='ltr'><strong><em>quam</em></strong></span> <span class='ocrx_word' id='word_1_44' title='bbox 195 795 256 843; x_wconf 82' lang='lat' dir='ltr'><strong><em>sinet</em></strong></span> <span class='ocrx_word' id='word_1_45' title='bbox 271 793 309 842; x_wconf 80' lang='lat' dir='ltr'><strong><em>br&#39;s</em></strong></span> <span class='ocrx_word' id='word_1_46' title='bbox 324 792 448 842; x_wconf 81' lang='lat' dir='ltr'><strong><em>multarunt</em></strong></span> <span class='ocrx_word' id='word_1_47' title='bbox 464 794 497 842; x_wconf 90' lang='lat' dir='ltr'><strong><em>sit</em></strong></span> <span class='ocrx_word' id='word_1_48' title='bbox 512 794 591 843; x_wconf 84' lang='lat' dir='ltr'><strong><em>uiator</em></strong></span> <span class='ocrx_word' id='word_1_49' title='bbox 606 793 658 842; x_wconf 86' lang='lat' dir='ltr'><strong><em>uita</em></strong></span> <span class='ocrx_word' id='word_1_50' title='bbox 673 795 721 842; x_wconf 89' lang='lat' dir='ltr'><strong><em>ista</em></strong></span> <span class='ocrx_word' id='word_1_51' title='bbox 732 794 816 856; x_wconf 83' lang='lat' dir='ltr'><strong><em>faeere</em></strong></span> <span class='ocrx_word' id='word_1_52' title='bbox 831 795 911 843; x_wconf 82' lang='lat' dir='ltr'><strong><em>uerius</em></strong></span> <span class='ocrx_word' id='word_1_53' title='bbox 925 795 981 858; x_wconf 86' lang='lat' dir='ltr'><strong><em>pati</em></strong></span> <span class='ocrx_word' id='word_1_54' title='bbox 997 793 1108 842; x_wconf 73' lang='lat' dir='ltr'><strong><em>mortales</em></strong></span> <span class='ocrx_word' id='word_1_55' title='bbox 1124 811 1182 857; x_wconf 81' lang='lat' dir='ltr'><strong><em>quos</em></strong></span> <span class='ocrx_word' id='word_1_56' title='bbox 1197 796 1227 841; x_wconf 91' lang='lat' dir='ltr'><strong><em>ob</em></strong></span> 
     </span>
     <span class='ocr_line' id='line_1_7' title="bbox 100 877 1225 942; baseline -0.002 -12"><span class='ocrx_word' id='word_1_57' title='bbox 100 897 168 930; x_wconf 83' lang='lat' dir='ltr'><strong><em>usus.</em></strong></span> <span class='ocrx_word' id='word_1_58' title='bbox 186 880 276 929; x_wconf 80' lang='lat' dir='ltr'><strong><em>Medis</em></strong></span> <span class='ocrx_word' id='word_1_59' title='bbox 287 879 379 928; x_wconf 75' lang='lat' dir='ltr'><strong><em>desum</em></strong></span> <span class='ocrx_word' id='word_1_60' title='bbox 391 880 485 938; x_wconf 81' lang='lat' dir='ltr'><strong><em>omnia,</em></strong></span> <span class='ocrx_word' id='word_1_61' title='bbox 497 886 533 940; x_wconf 84' lang='lat' dir='ltr'><strong><em>nt,</em></strong></span> <span class='ocrx_word' id='word_1_62' title='bbox 546 877 581 926; x_wconf 91' lang='lat' dir='ltr'><strong><em>ad</em></strong></span> <span class='ocrx_word' id='word_1_63' title='bbox 591 895 707 942; x_wconf 82' lang='lat' dir='ltr'><strong><em>quamque</em></strong></span> <span class='ocrx_word' id='word_1_64' title='bbox 718 877 842 928; x_wconf 83' lang='lat' dir='ltr'><strong><em>multorum</em></strong></span> <span class='ocrx_word' id='word_1_65' title='bbox 860 895 926 928; x_wconf 77' lang='lat' dir='ltr'><strong><em>neces</em></strong></span> <span class='ocrx_word' id='word_1_66' title='bbox 937 879 970 927; x_wconf 86' lang='lat' dir='ltr'><strong><em>sit</em></strong></span> <span class='ocrx_word' id='word_1_67' title='bbox 980 894 1083 941; x_wconf 73' lang='lat' dir='ltr'><strong><em>necesu3</em></strong></span> <span class='ocrx_word' id='word_1_68' title='bbox 1101 885 1155 928; x_wconf 85' lang='lat' dir='ltr'><strong><em>turn</em></strong></span> <span class='ocrx_word' id='word_1_69' title='bbox 1168 881 1225 928; x_wconf 82' lang='lat' dir='ltr'><strong><em>ino:</em></strong></span> 
     </span>
     <span class='ocr_line' id='line_1_8' title="bbox 100 962 1226 1028; baseline -0.004 -13"><span class='ocrx_word' id='word_1_70' title='bbox 100 975 133 1016; x_wconf 80' lang='lat' dir='ltr'><strong><em>ut</em></strong></span> <span class='ocrx_word' id='word_1_71' title='bbox 142 972 171 1014; x_wconf 88' lang='lat' dir='ltr'><strong><em>et</em></strong></span> <span class='ocrx_word' id='word_1_72' title='bbox 181 966 208 1012; x_wconf 87' lang='lat' dir='ltr'><strong><em>in</em></strong></span> <span class='ocrx_word' id='word_1_73' title='bbox 219 963 331 1014; x_wconf 71' lang='lat' dir='ltr'><strong><em>Pinnsni</em></strong></span> <span class='ocrx_word' id='word_1_74' title='bbox 343 965 436 1013; x_wconf 87' lang='lat' dir='ltr'><strong><em>codice.</em></strong></span> <span class='ocrx_word' id='word_1_75' title='bbox 461 963 560 1014; x_wconf 82' lang='lat' dir='ltr'><strong><em>Scribe:</em></strong></span> <span class='ocrx_word' id='word_1_76' title='bbox 577 962 660 1013; x_wconf 71' lang='lat' dir='ltr'><strong><em>&amp;eunt</em></strong></span> <span class='ocrx_word' id='word_1_77' title='bbox 678 963 776 1026; x_wconf 71' lang='lat' dir='ltr'><strong><em>quisque</em></strong></span> <span class='ocrx_word' id='word_1_78' title='bbox 792 963 884 1028; x_wconf 68' lang='lat' dir='ltr'><strong><em>capitu,</em></strong></span> <span class='ocrx_word' id='word_1_79' title='bbox 902 979 972 1026; x_wconf 84' lang='lat' dir='ltr'><strong><em>quum</em></strong></span> <span class='ocrx_word' id='word_1_80' title='bbox 986 963 1068 1027; x_wconf 88' lang='lat' dir='ltr'><strong><em>pretia</em></strong></span> <span class='ocrx_word' id='word_1_81' title='bbox 1085 962 1166 1011; x_wconf 79' lang='lat' dir='ltr'><strong><em>borum</em></strong></span> <span class='ocrx_word' id='word_1_82' title='bbox 1183 979 1226 1011; x_wconf 88' lang='lat' dir='ltr'><strong><em>au·</em></strong></span> 
     </span>
     <span class='ocr_line' id='line_1_9' title="bbox 103 1046 1304 1112; baseline 0 -16"><span class='ocrx_word' id='word_1_83' title='bbox 103 1047 167 1110; x_wconf 83' lang='lat' dir='ltr'><strong><em>diat,</em></strong></span> <span class='ocrx_word' id='word_1_84' title='bbox 179 1064 250 1112; x_wconf 82' lang='lat' dir='ltr'><strong><em>quum</em></strong></span> <span class='ocrx_word' id='word_1_85' title='bbox 262 1047 318 1096; x_wconf 79' lang='lat' dir='ltr'><strong><em>oeli</em></strong></span> <span class='ocrx_word' id='word_1_86' title='bbox 330 1047 440 1111; x_wconf 74' lang='lat' dir='ltr'><strong><em>tradique</em></strong></span> <span class='ocrx_word' id='word_1_87' title='bbox 451 1047 521 1096; x_wconf 87' lang='lat' dir='ltr'><strong><em>moles</em></strong></span> <span class='ocrx_word' id='word_1_88' title='bbox 532 1047 620 1110; x_wconf 74' lang='lat' dir='ltr'><strong><em>uideat,</em></strong></span> <span class='ocrx_word' id='word_1_89' title='bbox 633 1064 704 1111; x_wconf 80' lang='lat' dir='ltr'><strong><em>quam</em></strong></span> <span class='ocrx_word' id='word_1_90' title='bbox 716 1048 767 1096; x_wconf 85' lang='lat' dir='ltr'><strong><em>eine</em></strong></span> <span class='ocrx_word' id='word_1_91' title='bbox 778 1047 815 1096; x_wconf 80' lang='lat' dir='ltr'><strong><em>liis</em></strong></span> <span class='ocrx_word' id='word_1_92' title='bbox 826 1047 950 1096; x_wconf 88' lang='lat' dir='ltr'><strong><em>multorum</em></strong></span> <span class='ocrx_word' id='word_1_93' title='bbox 962 1049 994 1096; x_wconf 89' lang='lat' dir='ltr'><strong><em>sit</em></strong></span> <span class='ocrx_word' id='word_1_94' title='bbox 1005 1047 1096 1097; x_wconf 81' lang='lat' dir='ltr'><strong><em>beatior</em></strong></span> <span class='ocrx_word' id='word_1_95' title='bbox 1104 1046 1168 1095; x_wconf 85' lang='lat' dir='ltr'><strong><em>vita!</em></strong></span> <span class='ocrx_word' id='word_1_96' title='bbox 1179 1047 1227 1096; x_wconf 85' lang='lat' dir='ltr'><strong><em>ista</em></strong></span> <span class='ocrx_word' id='word_1_97' title='bbox 1300 1107 1304 1112; x_wconf 27' lang='grc' dir='ltr'>Ι</span> 
     </span>
     <span class='ocr_line' id='line_1_10' title="bbox 102 1129 1226 1196; baseline -0.001 -16"><span class='ocrx_word' id='word_1_98' title='bbox 102 1133 197 1195; x_wconf 67' lang='lat' dir='ltr'><strong><em>saone,</em></strong></span> <span class='ocrx_word' id='word_1_99' title='bbox 213 1132 291 1181; x_wconf 84' lang='lat' dir='ltr'><strong><em>uerius</em></strong></span> <span class='ocrx_word' id='word_1_100' title='bbox 300 1131 362 1196; x_wconf 84' lang='lat' dir='ltr'><strong><em>pati,</em></strong></span> <span class='ocrx_word' id='word_1_101' title='bbox 374 1129 493 1192; x_wconf 76' lang='lat' dir='ltr'><strong><em>mortales,</em></strong></span> <span class='ocrx_word' id='word_1_102' title='bbox 506 1148 563 1195; x_wconf 83' lang='lat' dir='ltr'><strong><em>quos</em></strong></span> <span class='ocrx_word' id='word_1_103' title='bbox 575 1133 603 1181; x_wconf 92' lang='lat' dir='ltr'><strong><em>ob</em></strong></span> <span class='ocrx_word' id='word_1_104' title='bbox 614 1148 670 1180; x_wconf 87' lang='lat' dir='ltr'><strong><em>usus</em></strong></span> <span class='ocrx_word' id='word_1_105' title='bbox 681 1148 768 1194; x_wconf 82' lang='lat' dir='ltr'><strong><em>quasve</em></strong></span> <span class='ocrx_word' id='word_1_106' title='bbox 779 1131 910 1195; x_wconf 88' lang='lat' dir='ltr'><strong><em>voluptates</em></strong></span> <span class='ocrx_word' id='word_1_107' title='bbox 921 1130 992 1192; x_wconf 85' lang='lat' dir='ltr'><strong><em>alias,</em></strong></span> <span class='ocrx_word' id='word_1_108' title='bbox 1009 1131 1057 1179; x_wconf 76' lang='lat' dir='ltr'><strong><em>nesi</em></strong></span> <span class='ocrx_word' id='word_1_109' title='bbox 1067 1138 1093 1179; x_wconf 87' lang='lat' dir='ltr'><strong><em>ut</em></strong></span> <span class='ocrx_word' id='word_1_110' title='bbox 1103 1131 1164 1180; x_wconf 86' lang='lat' dir='ltr'><strong><em>inter</em></strong></span> <span class='ocrx_word' id='word_1_111' title='bbox 1175 1145 1226 1179; x_wconf 86' lang='lat' dir='ltr'><strong><em>nta-</em></strong></span> 
     </span>
     <span class='ocr_line' id='line_1_11' title="bbox 101 1212 1226 1280; baseline -0.003 -15"><span class='ocrx_word' id='word_1_112' title='bbox 101 1215 171 1265; x_wconf 77' lang='lat' dir='ltr'><strong><em>eeles</em></strong></span> <span class='ocrx_word' id='word_1_113' title='bbox 182 1214 289 1280; x_wconf 83' lang='lat' dir='ltr'><strong><em>lapidnrn</em></strong></span> <span class='ocrx_word' id='word_1_114' title='bbox 300 1214 411 1264; x_wconf 77' lang='lat' dir='ltr'><strong><em>iaceant?</em></strong></span> <span class='ocrx_word' id='word_1_115' title='bbox 427 1215 567 1278; x_wconf 81' lang='lat' dir='ltr'><strong><em>Multorum,</em></strong></span> <span class='ocrx_word' id='word_1_116' title='bbox 580 1216 632 1264; x_wconf 82' lang='grc' dir='ltr'><strong><em>τῶν</em></strong></span> <span class='ocrx_word' id='word_1_117' title='bbox 644 1212 760 1277; x_wconf 76' lang='grc' dir='ltr'><strong><em>πολλῶν,</em></strong></span> <span class='ocrx_word' id='word_1_118' title='bbox 773 1216 850 1279; x_wconf 84' lang='lat' dir='ltr'><strong><em>vulgi.</em></strong></span> <span class='ocrx_word' id='word_1_119' title='bbox 874 1216 996 1277; x_wconf 83' lang='lat' dir='ltr'><strong><em>Quemvis</em></strong></span> <span class='ocrx_word' id='word_1_120' title='bbox 1013 1216 1138 1265; x_wconf 85' lang='lat' dir='ltr'><strong><em>interdum</em></strong></span> <span class='ocrx_word' id='word_1_121' title='bbox 1155 1216 1226 1265; x_wconf 86' lang='lat' dir='ltr'><strong><em>dnbi-</em></strong></span> 
     </span>
     <span class='ocr_line' id='line_1_12' title="bbox 101 1298 1225 1364; baseline -0.002 -14"><span class='ocrx_word' id='word_1_122' title='bbox 101 1301 199 1362; x_wconf 75' lang='lat' dir='ltr'><strong><em>tsbsm,</em></strong></span> <span class='ocrx_word' id='word_1_123' title='bbox 211 1315 245 1350; x_wconf 89' lang='lat' dir='ltr'><strong><em>sn</em></strong></span> <span class='ocrx_word' id='word_1_124' title='bbox 255 1298 346 1350; x_wconf 79' lang='lat' dir='ltr'><strong><em>luisset</em></strong></span> <span class='ocrx_word' id='word_1_125' title='bbox 357 1307 478 1360; x_wconf 81' lang='lat' dir='ltr'><strong><em>ntutnurn,</em></strong></span> <span class='ocrx_word' id='word_1_126' title='bbox 490 1315 581 1364; x_wconf 82' lang='lat' dir='ltr'>nempe</span> <span class='ocrx_word' id='word_1_127' title='bbox 593 1301 768 1350; x_wconf 76' lang='lat' dir='ltr'><strong><em>animantium.</em></strong></span> <span class='ocrx_word' id='word_1_128' title='bbox 777 1299 930 1363; x_wconf 80' lang='lat' dir='ltr'><strong><em>Istasaeere,</em></strong></span> <span class='ocrx_word' id='word_1_129' title='bbox 943 1302 992 1359; x_wconf 85' lang='lat' dir='ltr'><strong><em>vel,</em></strong></span> <span class='ocrx_word' id='word_1_130' title='bbox 1005 1309 1034 1349; x_wconf 87' lang='lat' dir='ltr'><strong><em>nt</em></strong></span> <span class='ocrx_word' id='word_1_131' title='bbox 1045 1299 1122 1348; x_wconf 85' lang='lat' dir='ltr'><strong><em>verius</em></strong></span> <span class='ocrx_word' id='word_1_132' title='bbox 1134 1301 1225 1359; x_wconf 81' lang='lat' dir='ltr'><strong><em>dicem,</em></strong></span> 
     </span>
     <span class='ocr_line' id='line_1_13' title="bbox 101 1383 1225 1447; baseline -0.001 -14"><span class='ocrx_word' id='word_1_133' title='bbox 101 1384 166 1447; x_wconf 82' lang='lat' dir='ltr'><strong><em>pan&#39;,</em></strong></span> <span class='ocrx_word' id='word_1_134' title='bbox 177 1385 275 1433; x_wconf 87' lang='lat' dir='ltr'><strong><em>scilicet</em></strong></span> <span class='ocrx_word' id='word_1_135' title='bbox 285 1385 361 1433; x_wconf 84' lang='lat' dir='ltr'><strong><em>etiem</em></strong></span> <span class='ocrx_word' id='word_1_136' title='bbox 373 1383 465 1447; x_wconf 78' lang='lat' dir='ltr'><strong><em>copitet,</em></strong></span> <span class='ocrx_word' id='word_1_137' title='bbox 477 1385 576 1434; x_wconf 87' lang='lat' dir='ltr'><strong><em>nullum</em></strong></span> <span class='ocrx_word' id='word_1_138' title='bbox 586 1386 681 1434; x_wconf 90' lang='lat' dir='ltr'><strong><em>bonum</em></strong></span> <span class='ocrx_word' id='word_1_139' title='bbox 694 1385 727 1433; x_wconf 92' lang='lat' dir='ltr'><strong><em>ob</em></strong></span> <span class='ocrx_word' id='word_1_140' title='bbox 738 1400 821 1445; x_wconf 86' lang='lat' dir='ltr'><strong><em>usum,</em></strong></span> <span class='ocrx_word' id='word_1_141' title='bbox 830 1385 874 1434; x_wconf 86' lang='lat' dir='ltr'><strong><em>sed</em></strong></span> <span class='ocrx_word' id='word_1_142' title='bbox 885 1393 914 1433; x_wconf 89' lang='lat' dir='ltr'><strong><em>nt</em></strong></span> <span class='ocrx_word' id='word_1_143' title='bbox 924 1385 991 1432; x_wconf 86' lang='lat' dir='ltr'><strong><em>inter</em></strong></span> <span class='ocrx_word' id='word_1_144' title='bbox 999 1385 1112 1434; x_wconf 80' lang='lat' dir='ltr'><strong><em>macules</em></strong></span> <span class='ocrx_word' id='word_1_145' title='bbox 1124 1385 1225 1434; x_wconf 84' lang='lat' dir='ltr'><strong><em>cubent.</em></strong></span> 
     </span>
     <span class='ocr_line' id='line_1_14' title="bbox 103 1464 1225 1532; baseline 0.002 -16"><span class='ocrx_word' id='word_1_146' title='bbox 103 1468 145 1516; x_wconf 86' lang='lat' dir='ltr'><strong><em>De</em></strong></span> <span class='ocrx_word' id='word_1_147' title='bbox 158 1464 284 1532; x_wconf 69' lang='lat' dir='ltr'><strong><em>reinerius</em></strong></span> <span class='ocrx_word' id='word_1_148' title='bbox 295 1468 353 1517; x_wconf 84' lang='lat' dir='ltr'><strong><em>vide</em></strong></span> <span class='ocrx_word' id='word_1_149' title='bbox 366 1482 431 1530; x_wconf 84' lang='lat' dir='ltr'><strong><em>qnos</em></strong></span> <span class='ocrx_word' id='word_1_150' title='bbox 449 1479 568 1518; x_wconf 81' lang='lat' dir='ltr'><strong><em>notemus</em></strong></span> <span class='ocrx_word' id='word_1_151' title='bbox 584 1471 616 1518; x_wconf 86' lang='lat' dir='ltr'><strong><em>sd</em></strong></span> <span class='ocrx_word' id='word_1_152' title='bbox 628 1469 694 1518; x_wconf 78' lang='lat' dir='ltr'><strong><em>Livii</em></strong></span> <span class='ocrx_word' id='word_1_153' title='bbox 707 1475 747 1530; x_wconf 90' lang='grc'><strong><em>21,</em></strong></span> <span class='ocrx_word' id='word_1_154' title='bbox 762 1474 801 1519; x_wconf 81' lang='grc'><strong>16.</strong></span> <span class='ocrx_word' id='word_1_155' title='bbox 814 1470 840 1518; x_wconf 91' lang='lat' dir='ltr'><strong><em>in</em></strong></span> <span class='ocrx_word' id='word_1_156' title='bbox 851 1469 992 1520; x_wconf 81' lang='lat' dir='ltr'><strong><em>Addendis.</em></strong></span> <span class='ocrx_word' id='word_1_157' title='bbox 1015 1468 1046 1517; x_wconf 94' lang='lat' dir='ltr'><strong><em>In</em></strong></span> <span class='ocrx_word' id='word_1_158' title='bbox 1064 1469 1131 1520; x_wconf 84' lang='lat' dir='ltr'><strong><em>Gud.</em></strong></span> <span class='ocrx_word' id='word_1_159' title='bbox 1148 1471 1225 1518; x_wconf 82' lang='lat' dir='ltr'><strong><em>etism</em></strong></span> 
     </span>
     <span class='ocr_line' id='line_1_15' title="bbox 104 1548 868 1615; baseline 0.003 -14"><span class='ocrx_word' id='word_1_160' title='bbox 104 1552 278 1615; x_wconf 76' lang='lat' dir='ltr'><strong><em>Menapioqns</em></strong></span> <span class='ocrx_word' id='word_1_161' title='bbox 289 1561 316 1600; x_wconf 81' lang='lat' dir='ltr'><strong><em>et</em></strong></span> <span class='ocrx_word' id='word_1_162' title='bbox 326 1551 483 1601; x_wconf 74' lang='lat' dir='ltr'><strong><em>Academico</em></strong></span> <span class='ocrx_word' id='word_1_163' title='bbox 496 1555 587 1602; x_wconf 85' lang='lat' dir='ltr'><strong><em>desnnt</em></strong></span> <span class='ocrx_word' id='word_1_164' title='bbox 598 1548 631 1600; x_wconf 85' lang='grc' dir='ltr'><strong><em>τὰ</em></strong></span> <span class='ocrx_word' id='word_1_165' title='bbox 644 1551 696 1602; x_wconf 80' lang='lat' dir='ltr'><strong><em>Sed</em></strong></span> <span class='ocrx_word' id='word_1_166' title='bbox 705 1561 735 1614; x_wconf 86' lang='lat' dir='ltr'><strong><em>et,</em></strong></span> <span class='ocrx_word' id='word_1_167' title='bbox 748 1561 803 1603; x_wconf 85' lang='lat' dir='ltr'><strong><em>tum</em></strong></span> <span class='ocrx_word' id='word_1_168' title='bbox 815 1553 868 1603; x_wconf 72' lang='lat' dir='ltr'><strong><em>nno.</em></strong></span> 
     </span>
    </p>

    <p class='ocr_par' dir='ltr' id='par_1_4' title="bbox 137 1633 1228 1702">
     <span class='ocr_line' id='line_1_16' title="bbox 137 1633 1228 1702; baseline 0 -16"><span class='ocrx_word' id='word_1_169' title='bbox 137 1635 202 1686; x_wconf 71' lang='lat' dir='ltr'><strong><em>Otr.</em></strong></span> <span class='ocrx_word' id='word_1_170' title='bbox 213 1637 249 1686; x_wconf 92' lang='lat'><strong><em>11.</em></strong></span> <span class='ocrx_word' id='word_1_171' title='bbox 262 1633 299 1698; x_wconf 78' lang='grc'><strong><em>[2,</em></strong></span> <span class='ocrx_word' id='word_1_172' title='bbox 312 1633 339 1697; x_wconf 82' lang='grc'><strong><em>6]</em></strong></span> <span class='ocrx_word' id='word_1_173' title='bbox 357 1634 487 1685; x_wconf 83' lang='lat' dir='ltr'><strong><em>Enimuero</em></strong></span> <span class='ocrx_word' id='word_1_174' title='bbox 503 1653 549 1685; x_wconf 91' lang='lat' dir='ltr'><strong><em>non</em></strong></span> <span class='ocrx_word' id='word_1_175' title='bbox 566 1637 615 1686; x_wconf 81' lang='lat' dir='ltr'><strong><em>alio</em></strong></span> <span class='ocrx_word' id='word_1_176' title='bbox 626 1634 705 1698; x_wconf 88' lang='lat' dir='ltr'><strong><em>modo]</em></strong></span> <span class='ocrx_word' id='word_1_177' title='bbox 723 1637 793 1701; x_wconf 84' lang='lat' dir='ltr'><strong><em>Lege</em></strong></span> <span class='ocrx_word' id='word_1_178' title='bbox 806 1654 864 1688; x_wconf 85' lang='lat' dir='ltr'><strong><em>cnm</em></strong></span> <span class='ocrx_word' id='word_1_179' title='bbox 876 1639 1009 1690; x_wconf 79' lang='lat' dir='ltr'><strong><em>Vossianz</em></strong></span> <span class='ocrx_word' id='word_1_180' title='bbox 1027 1637 1061 1688; x_wconf 91' lang='lat' dir='ltr'><strong><em>Id</em></strong></span> <span class='ocrx_word' id='word_1_181' title='bbox 1075 1639 1150 1702; x_wconf 64' lang='lat' dir='ltr'><strong><em>meum</em></strong></span> <span class='ocrx_word' id='word_1_182' title='bbox 1167 1644 1228 1686; x_wconf 77' lang='lat' dir='ltr'><strong><em>curt</em></strong></span> 
     </span>
    </p>

    <p class='ocr_par' dir='ltr' id='par_1_5' title="bbox 67 1719 1227 1869">
     <span class='ocr_line' id='line_1_17' title="bbox 67 1719 1227 1785; baseline 0.001 -16"><span class='ocrx_word' id='word_1_183' title='bbox 67 1744 71 1749; x_wconf 93' lang='lat'>·</span> <span class='ocrx_word' id='word_1_184' title='bbox 107 1727 153 1769; x_wconf 87' lang='lat' dir='ltr'><strong><em>aut</em></strong></span> <span class='ocrx_word' id='word_1_185' title='bbox 164 1736 212 1782; x_wconf 77' lang='lat' dir='ltr'><strong><em>qua</em></strong></span> <span class='ocrx_word' id='word_1_186' title='bbox 223 1719 300 1784; x_wconf 73' lang='lat' dir='ltr'><strong><em>napis</em></strong></span> <span class='ocrx_word' id='word_1_187' title='bbox 312 1720 353 1768; x_wconf 82' lang='lat' dir='ltr'><strong><em>oia</em></strong></span> <span class='ocrx_word' id='word_1_188' title='bbox 370 1720 480 1784; x_wconf 79' lang='lat' dir='ltr'><em>inrepunt</em></span> <span class='ocrx_word' id='word_1_189' title='bbox 494 1721 560 1782; x_wconf 85' lang='lat' dir='ltr'><strong><em>vitia,</em></strong></span> <span class='ocrx_word' id='word_1_190' title='bbox 578 1738 648 1784; x_wconf 85' lang='lat' dir='ltr'><strong><em>quarn</em></strong></span> <span class='ocrx_word' id='word_1_191' title='bbox 661 1721 777 1784; x_wconf 80' lang='lat' dir='ltr'><strong><em>publicat</em></strong></span> <span class='ocrx_word' id='word_1_192' title='bbox 793 1739 838 1785; x_wconf 82' lang='lat' dir='ltr'><strong><em>quo</em></strong></span> <span class='ocrx_word' id='word_1_193' title='bbox 855 1721 915 1771; x_wconf 87' lang='lat' dir='ltr'><strong><em>enim</em></strong></span> <span class='ocrx_word' id='word_1_194' title='bbox 931 1722 981 1772; x_wconf 85' lang='lat' dir='ltr'><strong><em>alio</em></strong></span> <span class='ocrx_word' id='word_1_195' title='bbox 997 1721 1065 1771; x_wconf 80' lang='lat' dir='ltr'><strong><em>inodo</em></strong></span> <span class='ocrx_word' id='word_1_196' title='bbox 1081 1722 1106 1770; x_wconf 79' lang='lat' dir='ltr'><strong><em>in</em></strong></span> <span class='ocrx_word' id='word_1_197' title='bbox 1118 1723 1227 1785; x_wconf 79' lang='lat' dir='ltr'><strong><em>privatos</em></strong></span> 
     </span>
     <span class='ocr_line' id='line_1_18' title="bbox 107 1802 928 1869; baseline 0.002 -17"><span class='ocrx_word' id='word_1_198' title='bbox 107 1820 163 1852; x_wconf 88' lang='lat' dir='ltr'><strong><em>usus</em></strong></span> <span class='ocrx_word' id='word_1_199' title='bbox 174 1802 219 1852; x_wconf 88' lang='lat' dir='ltr'><strong><em>illa</em></strong></span> <span class='ocrx_word' id='word_1_200' title='bbox 231 1819 314 1853; x_wconf 83' lang='lat' dir='ltr'><strong><em>uenere</em></strong></span> <span class='ocrx_word' id='word_1_201' title='bbox 325 1803 403 1865; x_wconf 87' lang='lat' dir='ltr'><strong><em>ebora,</em></strong></span> <span class='ocrx_word' id='word_1_202' title='bbox 417 1821 509 1867; x_wconf 84' lang='lat' dir='ltr'><strong><em>aurun,</em></strong></span> <span class='ocrx_word' id='word_1_203' title='bbox 520 1813 643 1869; x_wconf 73' lang='lat' dir='ltr'><strong><em>pennae?</em></strong></span> <span class='ocrx_word' id='word_1_204' title='bbox 659 1806 702 1856; x_wconf 88' lang='lat' dir='ltr'><strong><em>Sic</em></strong></span> <span class='ocrx_word' id='word_1_205' title='bbox 714 1815 739 1855; x_wconf 87' lang='lat' dir='ltr'><strong><em>et</em></strong></span> <span class='ocrx_word' id='word_1_206' title='bbox 747 1807 859 1856; x_wconf 84' lang='lat' dir='ltr'><strong><em>Pintisni</em></strong></span> <span class='ocrx_word' id='word_1_207' title='bbox 872 1809 928 1855; x_wconf 87' lang='lat' dir='ltr'><strong><em>cod.</em></strong></span> 
     </span>
    </p>

    <p class='ocr_par' dir='ltr' id='par_1_6' title="bbox 103 1885 1228 2542">
     <span class='ocr_line' id='line_1_19' title="bbox 138 1885 1226 1964; baseline -0.002 -28"><span class='ocrx_word' id='word_1_208' title='bbox 138 1885 227 1950; x_wconf 81' lang='lat' dir='ltr'><strong><em>[Ibid]</em></strong></span> <span class='ocrx_word' id='word_1_209' title='bbox 251 1886 340 1938; x_wconf 85' lang='lat' dir='ltr'><strong><em>Utilius</em></strong></span> <span class='ocrx_word' id='word_1_210' title='bbox 343 1889 432 1964; x_wconf 62' lang='lat' dir='ltr'><strong><em>[unat</em></strong></span> <span class='ocrx_word' id='word_1_211' title='bbox 444 1905 515 1951; x_wconf 84' lang='lat' dir='ltr'><strong><em>quarn</em></strong></span> <span class='ocrx_word' id='word_1_212' title='bbox 528 1887 616 1950; x_wconf 87' lang='lat' dir='ltr'><strong><em>tacere]</em></strong></span> <span class='ocrx_word' id='word_1_213' title='bbox 634 1890 711 1939; x_wconf 91' lang='lat' dir='ltr'><strong><em>Voss.</em></strong></span> <span class='ocrx_word' id='word_1_214' title='bbox 728 1899 753 1938; x_wconf 85' lang='lat' dir='ltr'><strong><em>et</em></strong></span> <span class='ocrx_word' id='word_1_215' title='bbox 764 1891 888 1939; x_wconf 80' lang='lat' dir='ltr'><strong><em>Pintisni:</em></strong></span> <span class='ocrx_word' id='word_1_216' title='bbox 904 1888 985 1937; x_wconf 85' lang='lat' dir='ltr'><strong><em>utilius</em></strong></span> <span class='ocrx_word' id='word_1_217' title='bbox 992 1889 1096 1951; x_wconf 80' lang='lat' dir='ltr'><strong><em>fueratt</em></strong></span> <span class='ocrx_word' id='word_1_218' title='bbox 1120 1888 1226 1937; x_wconf 85' lang='lat' dir='ltr'><strong><em>Tacuere</em></strong></span> 
     </span>
     <span class='ocr_line' id='line_1_20' title="bbox 105 1969 1225 2037; baseline 0.001 -18"><span class='ocrx_word' id='word_1_219' title='bbox 105 1978 185 2020; x_wconf 86' lang='lat' dir='ltr'><strong><em>tantas</em></strong></span> <span class='ocrx_word' id='word_1_220' title='bbox 196 1969 268 2020; x_wconf 85' lang='lat' dir='ltr'><strong><em>rnoles</em></strong></span> <span class='ocrx_word' id='word_1_221' title='bbox 279 1972 304 2020; x_wconf 87' lang='lat' dir='ltr'><strong><em>in</em></strong></span> <span class='ocrx_word' id='word_1_222' title='bbox 312 1971 436 2036; x_wconf 86' lang='lat' dir='ltr'><strong><em>privatam</em></strong></span> <span class='ocrx_word' id='word_1_223' title='bbox 449 1971 540 2021; x_wconf 87' lang='lat' dir='ltr'><strong><em>domurn</em></strong></span> <span class='ocrx_word' id='word_1_224' title='bbox 552 1972 618 2022; x_wconf 83' lang='lat' dir='ltr'><strong><em>trabi</em></strong></span> <span class='ocrx_word' id='word_1_225' title='bbox 626 1981 724 2037; x_wconf 85' lang='lat' dir='ltr'><strong><em>praeter</em></strong></span> <span class='ocrx_word' id='word_1_226' title='bbox 728 1972 823 2035; x_wconf 85' lang='lat' dir='ltr'><strong><em>fictilia</em></strong></span> <span class='ocrx_word' id='word_1_227' title='bbox 832 1971 926 2022; x_wconf 85' lang='lat' dir='ltr'><strong><em>deorum</em></strong></span> <span class='ocrx_word' id='word_1_228' title='bbox 930 1972 1046 2037; x_wconf 78' lang='lat' dir='ltr'><strong><em>sostips&#39;a.</em></strong></span> <span class='ocrx_word' id='word_1_229' title='bbox 1065 1972 1146 2033; x_wconf 79' lang='lat' dir='ltr'><strong><em>Quasi</em></strong></span> <span class='ocrx_word' id='word_1_230' title='bbox 1159 1973 1225 2022; x_wconf 86' lang='lat' dir='ltr'><strong><em>dice·</em></strong></span> 
     </span>
     <span class='ocr_line' id='line_1_21' title="bbox 105 2057 1225 2119; baseline -0.002 -13"><span class='ocrx_word' id='word_1_231' title='bbox 105 2065 155 2107; x_wconf 80' lang='lat' dir='ltr'><strong><em>ret:</em></strong></span> <span class='ocrx_word' id='word_1_232' title='bbox 172 2057 210 2107; x_wconf 79' lang='lat' dir='ltr'><strong><em>As</em></strong></span> <span class='ocrx_word' id='word_1_233' title='bbox 220 2057 259 2106; x_wconf 88' lang='lat' dir='ltr'><strong><em>illi</em></strong></span> <span class='ocrx_word' id='word_1_234' title='bbox 270 2062 387 2107; x_wconf 65' lang='lat' dir='ltr'><strong><em>neuere:</em></strong></span> <span class='ocrx_word' id='word_1_235' title='bbox 400 2059 449 2117; x_wconf 89' lang='lat' dir='ltr'><strong><em>vel,</em></strong></span> <span class='ocrx_word' id='word_1_236' title='bbox 462 2060 575 2109; x_wconf 77' lang='lat' dir='ltr'><strong><em>Tantum</em></strong></span> <span class='ocrx_word' id='word_1_237' title='bbox 584 2059 663 2119; x_wconf 82' lang='lat' dir='ltr'><strong><em>obest,</em></strong></span> <span class='ocrx_word' id='word_1_238' title='bbox 676 2067 705 2107; x_wconf 90' lang='lat' dir='ltr'><strong><em>ut</em></strong></span> <span class='ocrx_word' id='word_1_239' title='bbox 713 2059 826 2108; x_wconf 89' lang='lat' dir='ltr'><strong><em>moribus</em></strong></span> <span class='ocrx_word' id='word_1_240' title='bbox 836 2059 955 2116; x_wconf 81' lang='lat' dir='ltr'><strong><em>cererint,</em></strong></span> <span class='ocrx_word' id='word_1_241' title='bbox 968 2064 996 2107; x_wconf 88' lang='lat' dir='ltr'><strong><em>nt</em></strong></span> <span class='ocrx_word' id='word_1_242' title='bbox 1008 2058 1084 2106; x_wconf 84' lang='lat' dir='ltr'><strong><em>etism</em></strong></span> <span class='ocrx_word' id='word_1_243' title='bbox 1093 2057 1225 2106; x_wconf 74' lang='lat' dir='ltr'><strong><em>mouerint.</em></strong></span> 
     </span>
     <span class='ocr_line' id='line_1_22' title="bbox 104 2138 1228 2207; baseline -0.002 -17"><span class='ocrx_word' id='word_1_244' title='bbox 104 2141 182 2190; x_wconf 82' lang='lat' dir='ltr'><strong><em>Recte</em></strong></span> <span class='ocrx_word' id='word_1_245' title='bbox 193 2148 280 2190; x_wconf 80' lang='lat' dir='ltr'><strong><em>sutem</em></strong></span> <span class='ocrx_word' id='word_1_246' title='bbox 292 2149 319 2190; x_wconf 85' lang='lat' dir='ltr'><strong><em>et</em></strong></span> <span class='ocrx_word' id='word_1_247' title='bbox 329 2142 405 2192; x_wconf 83' lang='lat' dir='ltr'><strong><em>Voss</em></strong></span> <span class='ocrx_word' id='word_1_248' title='bbox 412 2141 504 2206; x_wconf 82' lang='lat' dir='ltr'><strong><em>fictilia</em></strong></span> <span class='ocrx_word' id='word_1_249' title='bbox 515 2141 610 2190; x_wconf 84' lang='lat' dir='ltr'><strong><em>deorum</em></strong></span> <span class='ocrx_word' id='word_1_250' title='bbox 618 2142 732 2207; x_wconf 74' lang='lat' dir='ltr'><strong><em>fastipia.</em></strong></span> <span class='ocrx_word' id='word_1_251' title='bbox 751 2143 863 2203; x_wconf 74' lang='lat' dir='ltr'><strong><em>Frustra,</em></strong></span> <span class='ocrx_word' id='word_1_252' title='bbox 877 2143 920 2205; x_wconf 89' lang='lat' dir='ltr'><strong><em>qui</em></strong></span> <span class='ocrx_word' id='word_1_253' title='bbox 932 2140 1062 2190; x_wconf 82' lang='lat' dir='ltr'><strong><em>simulacra</em></strong></span> <span class='ocrx_word' id='word_1_254' title='bbox 1070 2138 1228 2203; x_wconf 83' lang='lat' dir='ltr'><strong><em>sutsastids‘a</em></strong></span> 
     </span>
     <span class='ocr_line' id='line_1_23' title="bbox 105 2223 1226 2289; baseline -0.003 -15"><span class='ocrx_word' id='word_1_255' title='bbox 105 2225 241 2275; x_wconf 84' lang='lat' dir='ltr'><strong><em>subiecere.</em></strong></span> <span class='ocrx_word' id='word_1_256' title='bbox 260 2224 303 2275; x_wconf 87' lang='lat' dir='ltr'><strong><em>lib.</em></strong></span> <span class='ocrx_word' id='word_1_257' title='bbox 317 2230 357 2284; x_wconf 87' lang='grc'><strong><em>28,</em></strong></span> <span class='ocrx_word' id='word_1_258' title='bbox 371 2231 385 2272; x_wconf 97' lang='grc'><strong>2</strong></span> <span class='ocrx_word' id='word_1_259' title='bbox 400 2223 435 2287; x_wconf 98' lang='grc'><strong><em>[4,</em></strong></span> <span class='ocrx_word' id='word_1_260' title='bbox 450 2224 506 2287; x_wconf 82' lang='lat'><strong>16]:</strong></span> <span class='ocrx_word' id='word_1_261' title='bbox 528 2224 584 2274; x_wconf 85' lang='lat' dir='ltr'><strong><em>Cum</em></strong></span> <span class='ocrx_word' id='word_1_262' title='bbox 597 2225 755 2289; x_wconf 74' lang='lat' dir='ltr'><strong><em>insustiyiunt</em></strong></span> <span class='ocrx_word' id='word_1_263' title='bbox 768 2224 868 2273; x_wconf 83' lang='lat' dir='ltr'><strong><em>eiusdem</em></strong></span> <span class='ocrx_word' id='word_1_264' title='bbox 881 2223 974 2274; x_wconf 76' lang='lat' dir='ltr'><em>delubri</em></span> <span class='ocrx_word' id='word_1_265' title='bbox 987 2232 1149 2288; x_wconf 79' lang='lat' dir='ltr'><strong><em>praeparatae</em></strong></span> <span class='ocrx_word' id='word_1_266' title='bbox 1167 2240 1226 2286; x_wconf 86' lang='lat' dir='ltr'><strong><em>qua-</em></strong></span> 
     </span>
     <span class='ocr_line' id='line_1_24' title="bbox 105 2306 1226 2373; baseline 0.001 -18"><span class='ocrx_word' id='word_1_267' title='bbox 105 2306 189 2372; x_wconf 74' lang='lat' dir='ltr'><strong><em>dripas</em></strong></span> <span class='ocrx_word' id='word_1_268' title='bbox 205 2307 293 2373; x_wconf 74' lang='lat' dir='ltr'><strong><em>fictiles</em></strong></span> <span class='ocrx_word' id='word_1_269' title='bbox 308 2308 334 2358; x_wconf 84' lang='lat' dir='ltr'><strong><em>in</em></strong></span> <span class='ocrx_word' id='word_1_270' title='bbox 341 2309 446 2372; x_wconf 79' lang='lat' dir='ltr'><strong><em>fornace</em></strong></span> <span class='ocrx_word' id='word_1_271' title='bbox 462 2310 594 2359; x_wconf 74' lang='lat' dir='ltr'><strong><em>crevissent.</em></strong></span> <span class='ocrx_word' id='word_1_272' title='bbox 612 2311 656 2359; x_wconf 90' lang='lat' dir='ltr'><strong><em>lib.</em></strong></span> <span class='ocrx_word' id='word_1_273' title='bbox 669 2316 709 2371; x_wconf 81' lang='grc'>35,</span> <span class='ocrx_word' id='word_1_274' title='bbox 725 2315 754 2359; x_wconf 91' lang='grc'><strong>12</strong></span> <span class='ocrx_word' id='word_1_275' title='bbox 769 2308 822 2371; x_wconf 77' lang='grc'>[43,</span> <span class='ocrx_word' id='word_1_276' title='bbox 838 2307 911 2372; x_wconf 80' lang='grc'><strong>152];</strong></span> <span class='ocrx_word' id='word_1_277' title='bbox 929 2309 995 2360; x_wconf 88' lang='lat' dir='ltr'><strong><em>Hine</em></strong></span> <span class='ocrx_word' id='word_1_278' title='bbox 1012 2317 1034 2357; x_wconf 87' lang='lat' dir='ltr'><strong><em>et</em></strong></span> <span class='ocrx_word' id='word_1_279' title='bbox 1042 2308 1153 2372; x_wconf 75' lang='lat' dir='ltr'><strong><em>fastipia</em></strong></span> <span class='ocrx_word' id='word_1_280' title='bbox 1171 2316 1226 2357; x_wconf 89' lang='lat' dir='ltr'><strong><em>tenr-</em></strong></span> 
     </span>
     <span class='ocr_line' id='line_1_25' title="bbox 103 2391 1227 2458; baseline -0.002 -16"><span class='ocrx_word' id='word_1_281' title='bbox 103 2391 195 2456; x_wconf 84' lang='lat' dir='ltr'><strong><em>plerum</em></strong></span> <span class='ocrx_word' id='word_1_282' title='bbox 207 2397 269 2456; x_wconf 86' lang='lat' dir='ltr'><strong><em>orta,</em></strong></span> <span class='ocrx_word' id='word_1_283' title='bbox 281 2402 381 2458; x_wconf 87' lang='lat' dir='ltr'><strong><em>propter</em></strong></span> <span class='ocrx_word' id='word_1_284' title='bbox 396 2393 458 2443; x_wconf 83' lang='lat' dir='ltr'><strong><em>ione</em></strong></span> <span class='ocrx_word' id='word_1_285' title='bbox 470 2393 566 2457; x_wconf 86' lang='lat' dir='ltr'><strong><em>plastae</em></strong></span> <span class='ocrx_word' id='word_1_286' title='bbox 582 2393 705 2458; x_wconf 85' lang='lat' dir='ltr'><strong><em>appellati.</em></strong></span> <span class='ocrx_word' id='word_1_287' title='bbox 724 2394 823 2443; x_wconf 85' lang='lat' dir='ltr'>Ibidem</span> <span class='ocrx_word' id='word_1_288' title='bbox 837 2391 890 2456; x_wconf 75' lang='grc'>[45,</span> <span class='ocrx_word' id='word_1_289' title='bbox 907 2391 966 2455; x_wconf 81' lang='grc'><strong>157]</strong></span> <span class='ocrx_word' id='word_1_290' title='bbox 978 2392 1069 2456; x_wconf 80' lang='lat' dir='ltr'><strong><em>fictiles</em></strong></span> <span class='ocrx_word' id='word_1_291' title='bbox 1086 2392 1111 2441; x_wconf 88' lang='lat' dir='ltr'><strong><em>in</em></strong></span> <span class='ocrx_word' id='word_1_292' title='bbox 1120 2393 1227 2456; x_wconf 71' lang='lat' dir='ltr'><strong><em>fasnpio</em></strong></span> 
     </span>
     <span class='ocr_line' id='line_1_26' title="bbox 105 2475 396 2542; baseline 0.007 -16"><span class='ocrx_word' id='word_1_293' title='bbox 105 2476 187 2541; x_wconf 83' lang='lat' dir='ltr'><strong><em>templi</em></strong></span> <span class='ocrx_word' id='word_1_294' title='bbox 197 2477 246 2526; x_wconf 86' lang='lat' dir='ltr'><strong><em>sius</em></strong></span> <span class='ocrx_word' id='word_1_295' title='bbox 257 2475 396 2542; x_wconf 77' lang='lat' dir='ltr'><strong><em>quadripes.</em></strong></span> 
     </span>
    </p>

    <p class='ocr_par' dir='ltr' id='par_1_7' title="bbox 104 2559 1226 2882">
     <span class='ocr_line' id='line_1_27' title="bbox 141 2559 1226 2627; baseline -0.002 -15"><span class='ocrx_word' id='word_1_296' title='bbox 141 2561 207 2612; x_wconf 75' lang='lat' dir='ltr'><strong><em>cm.</em></strong></span> <span class='ocrx_word' id='word_1_297' title='bbox 220 2561 268 2611; x_wconf 80' lang='lat' dir='ltr'><strong><em>m</em></strong></span> <span class='ocrx_word' id='word_1_298' title='bbox 282 2559 318 2624; x_wconf 81' lang='grc'>[8,</span> <span class='ocrx_word' id='word_1_299' title='bbox 331 2561 362 2624; x_wconf 90' lang='grc'><strong><em>7]</em></strong></span> <span class='ocrx_word' id='word_1_300' title='bbox 381 2562 518 2627; x_wconf 71' lang='lat' dir='ltr'><strong><em>Obrepsisse</em></strong></span> <span class='ocrx_word' id='word_1_301' title='bbox 529 2561 631 2625; x_wconf 81' lang='lat' dir='ltr'><strong><em>quodam</em></strong></span> <span class='ocrx_word' id='word_1_302' title='bbox 644 2564 707 2612; x_wconf 84' lang='lat' dir='ltr'><strong><em>vitae</em></strong></span> <span class='ocrx_word' id='word_1_303' title='bbox 719 2561 861 2624; x_wconf 84' lang='lat' dir='ltr'><strong><em>rudimento]</em></strong></span> <span class='ocrx_word' id='word_1_304' title='bbox 881 2564 943 2624; x_wconf 85' lang='lat' dir='ltr'><strong><em>Alii,</em></strong></span> <span class='ocrx_word' id='word_1_305' title='bbox 956 2563 998 2623; x_wconf 86' lang='lat' dir='ltr'><strong><em>nti,</em></strong></span> <span class='ocrx_word' id='word_1_306' title='bbox 1010 2563 1226 2626; x_wconf 75' lang='lat' dir='ltr'><strong><em>quemadmodum</em></strong></span> 
     </span>
     <span class='ocr_line' id='line_1_28' title="bbox 104 2645 1226 2711; baseline 0 -18"><span class='ocrx_word' id='word_1_307' title='bbox 104 2655 132 2694; x_wconf 87' lang='lat' dir='ltr'><strong><em>et</em></strong></span> <span class='ocrx_word' id='word_1_308' title='bbox 150 2645 327 2707; x_wconf 77' lang='lat' dir='ltr'><strong><em>Academicus,</em></strong></span> <span class='ocrx_word' id='word_1_309' title='bbox 345 2650 414 2697; x_wconf 89' lang='lat' dir='ltr'><strong><em>Men.</em></strong></span> <span class='ocrx_word' id='word_1_310' title='bbox 433 2647 622 2711; x_wconf 83' lang='lat' dir='ltr'><strong><em>Gudianusque.</em></strong></span> <span class='ocrx_word' id='word_1_311' title='bbox 645 2649 721 2697; x_wconf 91' lang='lat' dir='ltr'><strong><em>Voss.</em></strong></span> <span class='ocrx_word' id='word_1_312' title='bbox 738 2646 788 2696; x_wconf 83' lang='lat' dir='ltr'><strong><em>uiti.</em></strong></span> <span class='ocrx_word' id='word_1_313' title='bbox 811 2649 882 2710; x_wconf 83' lang='lat' dir='ltr'><strong><em>Lege</em></strong></span> <span class='ocrx_word' id='word_1_314' title='bbox 899 2645 1000 2710; x_wconf 85' lang='lat' dir='ltr'><strong><em>quadarn</em></strong></span> <span class='ocrx_word' id='word_1_315' title='bbox 1016 2645 1068 2695; x_wconf 85' lang='lat' dir='ltr'><strong><em>vitii</em></strong></span> <span class='ocrx_word' id='word_1_316' title='bbox 1088 2645 1226 2694; x_wconf 81' lang='lat' dir='ltr'><strong><em>rudimento.</em></strong></span> 
     </span>
     <span class='ocr_line' id='line_1_29' title="bbox 105 2729 1226 2796; baseline -0.002 -16"><span class='ocrx_word' id='word_1_317' title='bbox 105 2730 189 2780; x_wconf 78' lang='lat' dir='ltr'><strong><em>&#39;Penni</em></strong></span> <span class='ocrx_word' id='word_1_318' title='bbox 207 2738 232 2780; x_wconf 86' lang='lat' dir='ltr'><strong><em>et</em></strong></span> <span class='ocrx_word' id='word_1_319' title='bbox 247 2731 331 2782; x_wconf 85' lang='lat' dir='ltr'><strong><em>minus</em></strong></span> <span class='ocrx_word' id='word_1_320' title='bbox 347 2732 522 2782; x_wconf 78' lang='lat' dir='ltr'><strong><em>animadverso</em></strong></span> <span class='ocrx_word' id='word_1_321' title='bbox 534 2733 666 2796; x_wconf 89' lang='lat' dir='ltr'><strong><em>principio.</em></strong></span> <span class='ocrx_word' id='word_1_322' title='bbox 684 2733 786 2781; x_wconf 83' lang='lat' dir='ltr'><strong><em>Deinde</em></strong></span> <span class='ocrx_word' id='word_1_323' title='bbox 794 2733 869 2782; x_wconf 85' lang='lat' dir='ltr'><strong><em>Voss.</em></strong></span> <span class='ocrx_word' id='word_1_324' title='bbox 879 2730 933 2780; x_wconf 80' lang='lat' dir='ltr'><strong><em>lant</em></strong></span> <span class='ocrx_word' id='word_1_325' title='bbox 945 2729 976 2782; x_wconf 86' lang='lat' dir='ltr'><strong><em>L.</em></strong></span> <span class='ocrx_word' id='word_1_326' title='bbox 989 2729 1100 2780; x_wconf 57' lang='lat' dir='ltr'><strong><em>&amp;assum</em></strong></span> <span class='ocrx_word' id='word_1_327' title='bbox 1110 2737 1226 2779; x_wconf 87' lang='lat' dir='ltr'><strong><em>oratorem</em></strong></span> 
     </span>
     <span class='ocr_line' id='line_1_30' title="bbox 106 2813 377 2882; baseline 0 -18"><span class='ocrx_word' id='word_1_328' title='bbox 106 2813 180 2877; x_wconf 67' lang='lat' dir='ltr'><strong><em>ibent,</em></strong></span> <span class='ocrx_word' id='word_1_329' title='bbox 191 2816 247 2866; x_wconf 82' lang='lat' dir='ltr'><strong><em>sine</em></strong></span> <span class='ocrx_word' id='word_1_330' title='bbox 259 2813 300 2882; x_wconf 77' lang='grc' dir='ltr'><strong><em>τῷ</em></strong></span> <span class='ocrx_word' id='word_1_331' title='bbox 309 2816 377 2865; x_wconf 84' lang='lat' dir='ltr'><strong><em>enirn.</em></strong></span> 
     </span>
    </p>

    <p class='ocr_par' dir='ltr' id='par_1_8' title="bbox 106 2896 1227 3132">
     <span class='ocr_line' id='line_1_31' title="bbox 140 2896 1227 2963; baseline -0.004 -15"><span class='ocrx_word' id='word_1_332' title='bbox 140 2896 176 2962; x_wconf 81' lang='grc'>[3,</span> <span class='ocrx_word' id='word_1_333' title='bbox 189 2898 217 2962; x_wconf 84' lang='grc'><strong><em>8]</em></strong></span> <span class='ocrx_word' id='word_1_334' title='bbox 240 2898 289 2956; x_wconf 79' lang='lat' dir='ltr'><strong><em>Qui</em></strong></span> <span class='ocrx_word' id='word_1_335' title='bbox 299 2916 341 2948; x_wconf 88' lang='lat' dir='ltr'><strong><em>nos</em></strong></span> <span class='ocrx_word' id='word_1_336' title='bbox 351 2908 484 2963; x_wconf 81' lang='lat' dir='ltr'><strong><em>sequentur,</em></strong></span> <span class='ocrx_word' id='word_1_337' title='bbox 501 2899 607 2950; x_wconf 83' lang='lat' dir='ltr'><strong><em>meliores</em></strong></span> <span class='ocrx_word' id='word_1_338' title='bbox 619 2918 661 2950; x_wconf 85' lang='lat' dir='ltr'><strong><em>nos</em></strong></span> <span class='ocrx_word' id='word_1_339' title='bbox 677 2901 737 2963; x_wconf 85' lang='lat' dir='ltr'><strong><em>esse]</em></strong></span> <span class='ocrx_word' id='word_1_340' title='bbox 754 2902 866 2951; x_wconf 86' lang='lat' dir='ltr'><strong><em>Pintinni</em></strong></span> <span class='ocrx_word' id='word_1_341' title='bbox 884 2904 973 2960; x_wconf 85' lang='lat' dir='ltr'><strong><em>codex,</em></strong></span> <span class='ocrx_word' id='word_1_342' title='bbox 990 2900 1059 2949; x_wconf 87' lang='lat' dir='ltr'><strong><em>Haec</em></strong></span> <span class='ocrx_word' id='word_1_343' title='bbox 1075 2907 1097 2946; x_wconf 91' lang='lat' dir='ltr'><strong><em>et</em></strong></span> <span class='ocrx_word' id='word_1_344' title='bbox 1113 2913 1174 2960; x_wconf 82' lang='lat' dir='ltr'><strong><em>quoe</em></strong></span> <span class='ocrx_word' id='word_1_345' title='bbox 1191 2913 1227 2944; x_wconf 88' lang='lat' dir='ltr'><strong><em>se·</em></strong></span> 
     </span>
     <span class='ocr_line' id='line_1_32' title="bbox 106 2981 1227 3048; baseline -0.005 -16"><span class='ocrx_word' id='word_1_346' title='bbox 106 2991 209 3045; x_wconf 77' lang='lat' dir='ltr'><strong><em>oriuntur</em></strong></span> <span class='ocrx_word' id='word_1_347' title='bbox 224 2999 256 3032; x_wconf 81' lang='lat' dir='ltr'><strong><em>ns.</em></strong></span> <span class='ocrx_word' id='word_1_348' title='bbox 268 2999 319 3032; x_wconf 87' lang='lat' dir='ltr'><strong><em>esse</em></strong></span> <span class='ocrx_word' id='word_1_349' title='bbox 334 3000 376 3031; x_wconf 89' lang='lat' dir='ltr'><strong><em>nos</em></strong></span> <span class='ocrx_word' id='word_1_350' title='bbox 386 2986 529 3046; x_wconf 88' lang='lat' dir='ltr'><strong><em>probabunt:</em></strong></span> <span class='ocrx_word' id='word_1_351' title='bbox 541 2987 603 3048; x_wconf 90' lang='lat' dir='ltr'><strong><em>ipse,</em></strong></span> <span class='ocrx_word' id='word_1_352' title='bbox 614 2984 696 3047; x_wconf 84' lang='lat' dir='ltr'><strong><em>Ecqui</em></strong></span> <span class='ocrx_word' id='word_1_353' title='bbox 705 2993 836 3046; x_wconf 83' lang='lat' dir='ltr'><strong><em>sequentur.</em></strong></span> <span class='ocrx_word' id='word_1_354' title='bbox 855 2984 930 3032; x_wconf 91' lang='lat' dir='ltr'><strong><em>Voss.</em></strong></span> <span class='ocrx_word' id='word_1_355' title='bbox 946 2981 1017 3030; x_wconf 86' lang='lat' dir='ltr'><strong><em>Haec</em></strong></span> <span class='ocrx_word' id='word_1_356' title='bbox 1028 2989 1055 3029; x_wconf 89' lang='lat' dir='ltr'><strong><em>at</em></strong></span> <span class='ocrx_word' id='word_1_357' title='bbox 1064 2996 1108 3043; x_wconf 81' lang='lat' dir='ltr'><strong><em>que</em></strong></span> <span class='ocrx_word' id='word_1_358' title='bbox 1118 2987 1227 3027; x_wconf 82' lang='lat' dir='ltr'><strong><em>secuntur</em></strong></span> 
     </span>
     <span class='ocr_line' id='line_1_33' title="bbox 106 3064 1038 3132; baseline -0.006 -16"><span class='ocrx_word' id='word_1_359' title='bbox 106 3083 137 3116; x_wconf 84' lang='lat' dir='ltr'><strong><em>ns.</em></strong></span> <span class='ocrx_word' id='word_1_360' title='bbox 149 3083 168 3117; x_wconf 81' lang='lat' dir='ltr'><strong><em>s.</em></strong></span> <span class='ocrx_word' id='word_1_361' title='bbox 180 3083 203 3117; x_wconf 89' lang='lat' dir='ltr'><strong><em>n.</em></strong></span> <span class='ocrx_word' id='word_1_362' title='bbox 218 3085 260 3132; x_wconf 84' lang='lat' dir='ltr'><strong><em>pr.</em></strong></span> <span class='ocrx_word' id='word_1_363' title='bbox 278 3067 362 3129; x_wconf 72' lang='lat' dir='ltr'><strong><em>Leges</em></strong></span> <span class='ocrx_word' id='word_1_364' title='bbox 375 3066 426 3118; x_wconf 79' lang='lat' dir='ltr'><strong><em>Sed</em></strong></span> <span class='ocrx_word' id='word_1_365' title='bbox 437 3076 459 3115; x_wconf 93' lang='lat' dir='ltr'><strong><em>et</em></strong></span> <span class='ocrx_word' id='word_1_366' title='bbox 470 3068 513 3131; x_wconf 83' lang='lat' dir='ltr'><strong><em>qui</em></strong></span> <span class='ocrx_word' id='word_1_367' title='bbox 522 3076 656 3131; x_wconf 73' lang='lat' dir='ltr'><strong><em>sequeretur,</em></strong></span> <span class='ocrx_word' id='word_1_368' title='bbox 669 3065 774 3115; x_wconf 87' lang='lat' dir='ltr'><strong><em>meliores</em></strong></span> <span class='ocrx_word' id='word_1_369' title='bbox 786 3082 835 3114; x_wconf 90' lang='lat' dir='ltr'><strong><em>esse</em></strong></span> <span class='ocrx_word' id='word_1_370' title='bbox 847 3082 888 3115; x_wconf 90' lang='lat' dir='ltr'><strong><em>nos</em></strong></span> <span class='ocrx_word' id='word_1_371' title='bbox 896 3064 1038 3128; x_wconf 84' lang='lat' dir='ltr'><strong><em>probabunt.</em></strong></span> 
     </span>
    </p>

    <p class='ocr_par' dir='ltr' id='par_1_9' title="bbox 139 3146 1083 3216">
     <span class='ocr_line' id='line_1_34' title="bbox 139 3146 1083 3216; baseline -0.005 -17"><span class='ocrx_word' id='word_1_372' title='bbox 139 3149 202 3199; x_wconf 73' lang='lat' dir='ltr'><strong><em>Otr.</em></strong></span> <span class='ocrx_word' id='word_1_373' title='bbox 215 3149 263 3200; x_wconf 86' lang='lat' dir='ltr'><strong><em>IV.</em></strong></span> <span class='ocrx_word' id='word_1_374' title='bbox 277 3148 313 3213; x_wconf 83' lang='lat'><strong><em>[4,</em></strong></span> <span class='ocrx_word' id='word_1_375' title='bbox 328 3150 371 3213; x_wconf 90' lang='grc'><strong>10]</strong></span> <span class='ocrx_word' id='word_1_376' title='bbox 391 3152 507 3201; x_wconf 80' lang='lat' dir='ltr'><strong><em>Protinus</em></strong></span> <span class='ocrx_word' id='word_1_377' title='bbox 520 3151 642 3216; x_wconf 77' lang='lat' dir='ltr'><strong><em>Sicyonios</em></strong></span> <span class='ocrx_word' id='word_1_378' title='bbox 645 3152 729 3213; x_wconf 86' lang='lat' dir='ltr'><strong><em>fames</em></strong></span> <span class='ocrx_word' id='word_1_379' title='bbox 742 3148 841 3211; x_wconf 88' lang='lat' dir='ltr'><strong><em>invasit]</em></strong></span> <span class='ocrx_word' id='word_1_380' title='bbox 861 3150 937 3198; x_wconf 88' lang='lat' dir='ltr'><strong><em>Voss.</em></strong></span> <span class='ocrx_word' id='word_1_381' title='bbox 951 3146 1083 3212; x_wconf 75' lang='lat' dir='ltr'><strong><em>Sicyonem.</em></strong></span> 
     </span>
    </p>

    <p class='ocr_par' dir='ltr' id='par_1_10' title="bbox 106 3228 1225 3379">
     <span class='ocr_line' id='line_1_35' title="bbox 139 3228 1225 3297; baseline -0.006 -13"><span class='ocrx_word' id='word_1_382' title='bbox 139 3233 203 3284; x_wconf 72' lang='lat' dir='ltr'><strong><em>One.</em></strong></span> <span class='ocrx_word' id='word_1_383' title='bbox 215 3236 249 3284; x_wconf 89' lang='lat' dir='ltr'><strong><em>V.</em></strong></span> <span class='ocrx_word' id='word_1_384' title='bbox 264 3233 301 3297; x_wconf 88' lang='grc'><strong><em>[4,</em></strong></span> <span class='ocrx_word' id='word_1_385' title='bbox 316 3234 358 3297; x_wconf 91' lang='grc'><strong>12]</strong></span> <span class='ocrx_word' id='word_1_386' title='bbox 377 3234 434 3285; x_wconf 92' lang='lat' dir='ltr'><strong><em>Non</em></strong></span> <span class='ocrx_word' id='word_1_387' title='bbox 446 3236 530 3284; x_wconf 83' lang='lat' dir='ltr'><strong><em>vitibus</em></strong></span> <span class='ocrx_word' id='word_1_388' title='bbox 543 3243 633 3283; x_wconf 89' lang='lat' dir='ltr'><strong><em>tantum</em></strong></span> <span class='ocrx_word' id='word_1_389' title='bbox 642 3234 732 3284; x_wconf 76' lang='lat' dir='ltr'><strong><em>censeri</em></strong></span> <span class='ocrx_word' id='word_1_390' title='bbox 742 3231 836 3295; x_wconf 73' lang='lat' dir='ltr'><strong><em>Citium]</em></strong></span> <span class='ocrx_word' id='word_1_391' title='bbox 855 3235 930 3283; x_wconf 91' lang='lat' dir='ltr'><strong><em>Voss.</em></strong></span> <span class='ocrx_word' id='word_1_392' title='bbox 944 3229 1010 3294; x_wconf 75' lang='lat' dir='ltr'><strong><em>Oion,</em></strong></span> <span class='ocrx_word' id='word_1_393' title='bbox 1024 3233 1074 3281; x_wconf 87' lang='lat' dir='ltr'><strong><em>hoc</em></strong></span> <span class='ocrx_word' id='word_1_394' title='bbox 1084 3239 1129 3292; x_wconf 86' lang='lat' dir='ltr'><strong><em>est,</em></strong></span> <span class='ocrx_word' id='word_1_395' title='bbox 1145 3228 1225 3280; x_wconf 80' lang='lat' dir='ltr'><strong><em>Obion.</em></strong></span> 
     </span>
     <span class='ocr_line' id='line_1_36' title="bbox 106 3317 933 3379; baseline -0.002 -11"><span class='ocrx_word' id='word_1_396' title='bbox 106 3317 149 3368; x_wconf 81' lang='lat' dir='ltr'><strong><em>sic</em></strong></span> <span class='ocrx_word' id='word_1_397' title='bbox 160 3318 228 3368; x_wconf 78' lang='lat' dir='ltr'><strong><em>infre</em></strong></span> <span class='ocrx_word' id='word_1_398' title='bbox 239 3318 347 3368; x_wconf 83' lang='lat' dir='ltr'><strong><em>Pbidian</em></strong></span> <span class='ocrx_word' id='word_1_399' title='bbox 362 3319 459 3369; x_wconf 85' lang='lat' dir='ltr'><strong><em>tradunt</em></strong></span> <span class='ocrx_word' id='word_1_400' title='bbox 470 3329 495 3370; x_wconf 89' lang='lat' dir='ltr'><strong><em>et</em></strong></span> <span class='ocrx_word' id='word_1_401' title='bbox 506 3319 615 3370; x_wconf 76' lang='lat' dir='ltr'><strong><em>Phidian</em></strong></span> <span class='ocrx_word' id='word_1_402' title='bbox 627 3318 791 3379; x_wconf 82' lang='lat' dir='ltr'><strong><em>clarissimum,</em></strong></span> <span class='ocrx_word' id='word_1_403' title='bbox 803 3327 832 3369; x_wconf 84' lang='lat' dir='ltr'><strong><em>ut</em></strong></span> <span class='ocrx_word' id='word_1_404' title='bbox 844 3326 870 3368; x_wconf 82' lang='lat' dir='ltr'><strong><em>et</em></strong></span> <span class='ocrx_word' id='word_1_405' title='bbox 882 3318 933 3367; x_wconf 84' lang='lat' dir='ltr'><strong><em>ulii.</em></strong></span> 
     </span>
    </p>

    <p class='ocr_par' dir='ltr' id='par_1_11' title="bbox 104 3399 1316 3889">
     <span class='ocr_line' id='line_1_37' title="bbox 140 3399 1227 3470; baseline -0.001 -19"><span class='ocrx_word' id='word_1_406' title='bbox 140 3399 176 3464; x_wconf 88' lang='grc'><strong><em>[4,</em></strong></span> <span class='ocrx_word' id='word_1_407' title='bbox 190 3400 234 3464; x_wconf 81' lang='lat' dir='ltr'><strong><em>le]</em></strong></span> <span class='ocrx_word' id='word_1_408' title='bbox 253 3403 412 3468; x_wconf 72' lang='lat' dir='ltr'><strong><em>Aporaeritus</em></strong></span> <span class='ocrx_word' id='word_1_409' title='bbox 424 3405 523 3466; x_wconf 83' lang='lat' dir='ltr'><strong><em>Parius,</em></strong></span> <span class='ocrx_word' id='word_1_410' title='bbox 536 3405 559 3452; x_wconf 84' lang='lat' dir='ltr'><strong><em>ei</em></strong></span> <span class='ocrx_word' id='word_1_411' title='bbox 570 3413 648 3453; x_wconf 87' lang='lat' dir='ltr'><strong><em>aetate</em></strong></span> <span class='ocrx_word' id='word_1_412' title='bbox 658 3402 756 3470; x_wconf 73' lang='lat' dir='ltr'><strong><em>pratus]</em></strong></span> <span class='ocrx_word' id='word_1_413' title='bbox 780 3404 921 3467; x_wconf 74' lang='lat' dir='ltr'><strong><em>Significat,</em></strong></span> <span class='ocrx_word' id='word_1_414' title='bbox 939 3403 1007 3466; x_wconf 85' lang='lat' dir='ltr'><strong><em>qnod</em></strong></span> <span class='ocrx_word' id='word_1_415' title='bbox 1019 3403 1106 3453; x_wconf 85' lang='lat' dir='ltr'><strong><em>multis</em></strong></span> <span class='ocrx_word' id='word_1_416' title='bbox 1118 3401 1167 3453; x_wconf 83' lang='lat' dir='ltr'><strong><em>fuir</em></strong></span> <span class='ocrx_word' id='word_1_417' title='bbox 1178 3401 1227 3452; x_wconf 80' lang='lat' dir='ltr'><strong><em>Al-</em></strong></span> 
     </span>
     <span class='ocr_line' id='line_1_38' title="bbox 105 3484 1227 3551; baseline 0.001 -18"><span class='ocrx_word' id='word_1_418' title='bbox 105 3486 224 3548; x_wconf 86' lang='lat' dir='ltr'><strong><em>cibisdes,</em></strong></span> <span class='ocrx_word' id='word_1_419' title='bbox 237 3489 269 3537; x_wconf 89' lang='lat' dir='ltr'><strong><em>de</em></strong></span> <span class='ocrx_word' id='word_1_420' title='bbox 281 3503 332 3551; x_wconf 87' lang='lat' dir='ltr'><strong><em>qno</em></strong></span> <span class='ocrx_word' id='word_1_421' title='bbox 345 3488 480 3538; x_wconf 83' lang='lat' dir='ltr'><strong><em>Cornelius</em></strong></span> <span class='ocrx_word' id='word_1_422' title='bbox 491 3489 580 3551; x_wconf 85' lang='lat' dir='ltr'><strong><em>Nepos</em></strong></span> <span class='ocrx_word' id='word_1_423' title='bbox 593 3487 628 3550; x_wconf 88' lang='grc'><strong><em>[2,</em></strong></span> <span class='ocrx_word' id='word_1_424' title='bbox 642 3487 683 3550; x_wconf 78' lang='grc'><strong><em>2];</em></strong></span> <span class='ocrx_word' id='word_1_425' title='bbox 701 3489 793 3537; x_wconf 84' lang='lat' dir='ltr'><strong><em>ineunte</em></strong></span> <span class='ocrx_word' id='word_1_426' title='bbox 808 3486 967 3536; x_wconf 83' lang='lat' dir='ltr'><strong><em>adolescentia</em></strong></span> <span class='ocrx_word' id='word_1_427' title='bbox 984 3496 1078 3536; x_wconf 87' lang='lat' dir='ltr'><strong><em>amatus</em></strong></span> <span class='ocrx_word' id='word_1_428' title='bbox 1095 3495 1129 3536; x_wconf 87' lang='lat' dir='ltr'><strong><em>est</em></strong></span> <span class='ocrx_word' id='word_1_429' title='bbox 1140 3503 1157 3534; x_wconf 90' lang='lat' dir='ltr'><strong><em>a</em></strong></span> <span class='ocrx_word' id='word_1_430' title='bbox 1168 3484 1227 3534; x_wconf 81' lang='lat' dir='ltr'><strong><em>rnul-</em></strong></span> 
     </span>
     <span class='ocr_line' id='line_1_39' title="bbox 106 3568 1227 3636; baseline -0.001 -19"><span class='ocrx_word' id='word_1_431' title='bbox 106 3569 138 3617; x_wconf 64' lang='grc'><strong>113</strong></span> <span class='ocrx_word' id='word_1_432' title='bbox 148 3586 213 3619; x_wconf 82' lang='lat' dir='ltr'><strong><em>nore</em></strong></span> <span class='ocrx_word' id='word_1_433' title='bbox 227 3571 381 3622; x_wconf 77' lang='lat' dir='ltr'><strong><em>Graecorum.</em></strong></span> <span class='ocrx_word' id='word_1_434' title='bbox 400 3573 450 3623; x_wconf 85' lang='lat' dir='ltr'><strong><em>Sed</em></strong></span> <span class='ocrx_word' id='word_1_435' title='bbox 463 3574 511 3623; x_wconf 85' lang='lat' dir='ltr'><strong><em>hos</em></strong></span> <span class='ocrx_word' id='word_1_436' title='bbox 524 3587 599 3636; x_wconf 78' lang='lat' dir='ltr'><strong><em>saepe</em></strong></span> <span class='ocrx_word' id='word_1_437' title='bbox 611 3570 682 3636; x_wconf 78' lang='lat' dir='ltr'><strong><em>diliqi</em></strong></span> <span class='ocrx_word' id='word_1_438' title='bbox 694 3572 793 3636; x_wconf 85' lang='lat' dir='ltr'><strong><em>turpius,</em></strong></span> <span class='ocrx_word' id='word_1_439' title='bbox 806 3589 878 3635; x_wconf 81' lang='lat' dir='ltr'><strong><em>quarn</em></strong></span> <span class='ocrx_word' id='word_1_440' title='bbox 886 3589 936 3636; x_wconf 90' lang='lat' dir='ltr'><strong><em>par</em></strong></span> <span class='ocrx_word' id='word_1_441' title='bbox 947 3580 1007 3633; x_wconf 89' lang='lat' dir='ltr'><strong><em>erat,</em></strong></span> <span class='ocrx_word' id='word_1_442' title='bbox 1019 3572 1136 3620; x_wconf 90' lang='lat' dir='ltr'><strong><em>homines</em></strong></span> <span class='ocrx_word' id='word_1_443' title='bbox 1149 3568 1227 3631; x_wconf 81' lang='lat' dir='ltr'><strong><em>loque-</em></strong></span> 
     </span>
     <span class='ocr_line' id='line_1_40' title="bbox 106 3650 1227 3720; baseline -0.002 -19"><span class='ocrx_word' id='word_1_444' title='bbox 106 3654 199 3716; x_wconf 84' lang='lat' dir='ltr'><strong><em>bantur,</em></strong></span> <span class='ocrx_word' id='word_1_445' title='bbox 217 3664 246 3705; x_wconf 85' lang='lat' dir='ltr'><strong><em>ut</em></strong></span> <span class='ocrx_word' id='word_1_446' title='bbox 263 3658 330 3706; x_wconf 91' lang='lat' dir='ltr'><strong><em>idem</em></strong></span> <span class='ocrx_word' id='word_1_447' title='bbox 346 3658 434 3720; x_wconf 84' lang='lat' dir='ltr'><strong><em>Nepos</em></strong></span> <span class='ocrx_word' id='word_1_448' title='bbox 452 3659 477 3706; x_wconf 91' lang='lat' dir='ltr'><strong><em>in</em></strong></span> <span class='ocrx_word' id='word_1_449' title='bbox 495 3656 641 3708; x_wconf 81' lang='lat' dir='ltr'><strong><em>Hamilcare</em></strong></span> <span class='ocrx_word' id='word_1_450' title='bbox 655 3655 691 3717; x_wconf 88' lang='lat'><strong><em>[3‚</em></strong></span> <span class='ocrx_word' id='word_1_451' title='bbox 705 3655 742 3717; x_wconf 83' lang='lat'><strong><em>2].</em></strong></span> <span class='ocrx_word' id='word_1_452' title='bbox 765 3657 806 3706; x_wconf 86' lang='lat' dir='ltr'><strong><em>Sic</em></strong></span> <span class='ocrx_word' id='word_1_453' title='bbox 821 3657 1006 3708; x_wconf 70' lang='lat' dir='ltr'><strong><em>Livineius]</em></strong></span> <span class='ocrx_word' id='word_1_454' title='bbox 1023 3653 1059 3716; x_wconf 81' lang='lat'><strong><em>[3‚</em></strong></span> <span class='ocrx_word' id='word_1_455' title='bbox 1073 3651 1113 3714; x_wconf 82' lang='lat'><strong><em>4]:</em></strong></span> <span class='ocrx_word' id='word_1_456' title='bbox 1131 3650 1227 3702; x_wconf 85' lang='lat' dir='ltr'><strong><em>Florem</em></strong></span> 
     </span>
     <span class='ocr_line' id='line_1_41' title="bbox 104 3736 1289 3803; baseline 0.002 -17"><span class='ocrx_word' id='word_1_457' title='bbox 104 3739 201 3801; x_wconf 69' lang='lat' dir='ltr'><strong><em>antis,</em></strong></span> <span class='ocrx_word' id='word_1_458' title='bbox 214 3739 291 3803; x_wconf 83' lang='lat' dir='ltr'><strong><em>inquit</em></strong></span> <span class='ocrx_word' id='word_1_459' title='bbox 301 3739 452 3802; x_wconf 85' lang='lat' dir='ltr'><strong><em>Hasdrubal,</em></strong></span> <span class='ocrx_word' id='word_1_460' title='bbox 465 3751 512 3792; x_wconf 89' lang='lat' dir='ltr'><strong><em>etc.</em></strong></span> <span class='ocrx_word' id='word_1_461' title='bbox 536 3742 578 3792; x_wconf 86' lang='lat' dir='ltr'><strong><em>Sic</em></strong></span> <span class='ocrx_word' id='word_1_462' title='bbox 588 3742 742 3791; x_wconf 86' lang='lat' dir='ltr'><strong><em>Philumene</em></strong></span> <span class='ocrx_word' id='word_1_463' title='bbox 759 3740 919 3790; x_wconf 73' lang='lat' dir='ltr'><strong><em>haereditates</em></strong></span> <span class='ocrx_word' id='word_1_464' title='bbox 935 3738 1014 3802; x_wconf 83' lang='lat' dir='ltr'><strong><em>officia</em></strong></span> <span class='ocrx_word' id='word_1_465' title='bbox 1026 3736 1113 3785; x_wconf 89' lang='lat' dir='ltr'><strong><em>aetatis</em></strong></span> <span class='ocrx_word' id='word_1_466' title='bbox 1125 3743 1226 3785; x_wconf 82' lang='lat' dir='ltr'><strong><em>entorse-</em></strong></span> <span class='ocrx_word' id='word_1_467' title='bbox 1241 3743 1289 3788; x_wconf 83' lang='grc'><strong><em>842</em></strong></span> 
     </span>
     <span class='ocr_line' id='line_1_42' title="bbox 104 3821 1316 3889; baseline -0.002 -16"><span class='ocrx_word' id='word_1_468' title='bbox 104 3829 148 3869; x_wconf 85' lang='lat' dir='ltr'><strong><em>rat</em></strong></span> <span class='ocrx_word' id='word_1_469' title='bbox 166 3825 234 3888; x_wconf 85' lang='lat' dir='ltr'><strong><em>npnd</em></strong></span> <span class='ocrx_word' id='word_1_470' title='bbox 253 3825 404 3875; x_wconf 84' lang='lat' dir='ltr'><strong><em>Petronium</em></strong></span> <span class='ocrx_word' id='word_1_471' title='bbox 425 3824 495 3887; x_wconf 86' lang='grc'>[140.</span> <span class='ocrx_word' id='word_1_472' title='bbox 517 3823 594 3886; x_wconf 83' lang='lat' dir='ltr'><strong><em>init.].</em></strong></span> <span class='ocrx_word' id='word_1_473' title='bbox 625 3826 701 3874; x_wconf 87' lang='lat' dir='ltr'><strong><em>Dotes</em></strong></span> <span class='ocrx_word' id='word_1_474' title='bbox 713 3826 812 3888; x_wconf 84' lang='lat' dir='ltr'><strong><em>formae</em></strong></span> <span class='ocrx_word' id='word_1_475' title='bbox 829 3824 991 3889; x_wconf 75' lang='lat' dir='ltr'><strong><em>pueritiaeque</em></strong></span> <span class='ocrx_word' id='word_1_476' title='bbox 1010 3830 1087 3871; x_wconf 86' lang='lat' dir='ltr'><strong><em>voest</em></strong></span> <span class='ocrx_word' id='word_1_477' title='bbox 1106 3821 1226 3871; x_wconf 87' lang='lat' dir='ltr'><strong><em>Iustinus.</em></strong></span> <span class='ocrx_word' id='word_1_478' title='bbox 1292 3834 1316 3881; x_wconf 62' lang='grc' dir='ltr'><em>ᾳ</em></span> 
     </span>
    </p>
   </div>
   <div class='ocr_carea' id='block_1_3' title="bbox 104 3899 1244 4226">
    <p class='ocr_par' dir='ltr' id='par_1_12' title="bbox 105 3899 1192 3974">
     <span class='ocr_line' id='line_1_43' title="bbox 105 3899 1192 3974; baseline -0.001 -18"><span class='ocrx_word' id='word_1_479' title='bbox 105 3899 227 3970; x_wconf 73' lang='lat' dir='ltr'><strong><em>Optanda</em></strong></span> <span class='ocrx_word' id='word_1_480' title='bbox 239 3911 280 3959; x_wconf 87' lang='lat' dir='ltr'><strong><em>isti</em></strong></span> <span class='ocrx_word' id='word_1_481' title='bbox 292 3925 357 3959; x_wconf 84' lang='lat' dir='ltr'><strong><em>nevo</em></strong></span> <span class='ocrx_word' id='word_1_482' title='bbox 370 3911 517 3974; x_wconf 79' lang='lat' dir='ltr'><strong><em>simplicitas</em></strong></span> <span class='ocrx_word' id='word_1_483' title='bbox 528 3911 613 3974; x_wconf 83' lang='lat' dir='ltr'><strong><em>magni</em></strong></span> <span class='ocrx_word' id='word_1_484' title='bbox 626 3911 682 3972; x_wconf 86' lang='lat' dir='ltr'><strong><em>viri,</em></strong></span> <span class='ocrx_word' id='word_1_485' title='bbox 696 3912 739 3974; x_wconf 88' lang='lat' dir='ltr'><strong><em>qui</em></strong></span> <span class='ocrx_word' id='word_1_486' title='bbox 752 3912 865 3974; x_wconf 85' lang='lat' dir='ltr'><strong><em>corrigit:</em></strong></span> <span class='ocrx_word' id='word_1_487' title='bbox 882 3925 931 3972; x_wconf 87' lang='lat' dir='ltr'><strong><em>par</em></strong></span> <span class='ocrx_word' id='word_1_488' title='bbox 942 3907 965 3956; x_wconf 86' lang='lat' dir='ltr'><strong><em>ei</em></strong></span> <span class='ocrx_word' id='word_1_489' title='bbox 975 3914 1035 3968; x_wconf 87' lang='lat' dir='ltr'><strong><em>orte,</em></strong></span> <span class='ocrx_word' id='word_1_490' title='bbox 1048 3905 1092 3956; x_wconf 83' lang='lat' dir='ltr'><strong><em>sed</em></strong></span> <span class='ocrx_word' id='word_1_491' title='bbox 1100 3913 1192 3970; x_wconf 62' lang='lat' dir='ltr'><strong><em>patus.</em></strong></span> 
     </span>
    </p>

    <p class='ocr_par' dir='ltr' id='par_1_13' title="bbox 104 3988 1244 4226">
     <span class='ocr_line' id='line_1_44' title="bbox 142 3988 1244 4058; baseline -0.002 -17"><span class='ocrx_word' id='word_1_492' title='bbox 142 3989 179 4053; x_wconf 94' lang='grc'><strong><em>[4,</em></strong></span> <span class='ocrx_word' id='word_1_493' title='bbox 194 3991 237 4054; x_wconf 89' lang='grc'><strong>17]</strong></span> <span class='ocrx_word' id='word_1_494' title='bbox 259 3992 384 4043; x_wconf 84' lang='lat' dir='ltr'><strong><em>Certavere</em></strong></span> <span class='ocrx_word' id='word_1_495' title='bbox 396 4003 472 4042; x_wconf 83' lang='lat' dir='ltr'><strong><em>autern</em></strong></span> <span class='ocrx_word' id='word_1_496' title='bbox 485 3995 546 4042; x_wconf 88' lang='lat' dir='ltr'><strong><em>inter</em></strong></span> <span class='ocrx_word' id='word_1_497' title='bbox 557 4011 582 4042; x_wconf 93' lang='lat' dir='ltr'><strong><em>se</em></strong></span> <span class='ocrx_word' id='word_1_498' title='bbox 593 3995 662 4043; x_wconf 84' lang='lat' dir='ltr'><strong><em>ambo</em></strong></span> <span class='ocrx_word' id='word_1_499' title='bbox 674 3993 787 4058; x_wconf 69' lang='lat' dir='ltr'><strong><em>discipuli</em></strong></span> <span class='ocrx_word' id='word_1_500' title='bbox 802 3994 827 4042; x_wconf 90' lang='lat' dir='ltr'><strong><em>in</em></strong></span> <span class='ocrx_word' id='word_1_501' title='bbox 846 3993 933 4043; x_wconf 86' lang='lat' dir='ltr'><strong><em>Venere</em></strong></span> <span class='ocrx_word' id='word_1_502' title='bbox 942 3988 1074 4055; x_wconf 83' lang='lat' dir='ltr'><strong><em>facienda]</em></strong></span> <span class='ocrx_word' id='word_1_503' title='bbox 1093 3992 1227 4054; x_wconf 86' lang='lat' dir='ltr'><strong><em>Praeposi-</em></strong></span> <span class='ocrx_word' id='word_1_504' title='bbox 1242 3996 1244 4001; x_wconf 84' lang='lat'>&#39;</span> 
     </span>
     <span class='ocr_line' id='line_1_45' title="bbox 104 4066 1228 4142; baseline 0 -16"><span class='ocrx_word' id='word_1_505' title='bbox 104 4077 174 4127; x_wconf 82' lang='lat' dir='ltr'><strong><em>tione</em></strong></span> <span class='ocrx_word' id='word_1_506' title='bbox 192 4086 262 4128; x_wconf 84' lang='lat' dir='ltr'><strong><em>caret</em></strong></span> <span class='ocrx_word' id='word_1_507' title='bbox 277 4080 427 4129; x_wconf 78' lang='lat' dir='ltr'><strong><em>Vossianus.</em></strong></span> <span class='ocrx_word' id='word_1_508' title='bbox 445 4081 478 4129; x_wconf 84' lang='lat' dir='ltr'><strong><em>Et</em></strong></span> <span class='ocrx_word' id='word_1_509' title='bbox 496 4094 575 4141; x_wconf 83' lang='lat' dir='ltr'><strong><em>genus</em></strong></span> <span class='ocrx_word' id='word_1_510' title='bbox 593 4081 714 4142; x_wconf 88' lang='lat' dir='ltr'><strong><em>loquendi</em></strong></span> <span class='ocrx_word' id='word_1_511' title='bbox 726 4079 873 4129; x_wconf 81' lang='lat' dir='ltr'><strong><em>Tullianum</em></strong></span> <span class='ocrx_word' id='word_1_512' title='bbox 887 4083 926 4126; x_wconf 85' lang='lat' dir='ltr'><strong><em>est</em></strong></span> <span class='ocrx_word' id='word_1_513' title='bbox 944 4066 1161 4137; x_wconf 83' lang='lat' dir='ltr'><strong><em>Venerefaeiendo</em></strong></span> <span class='ocrx_word' id='word_1_514' title='bbox 1181 4090 1228 4140; x_wconf 90' lang='lat' dir='ltr'><strong><em>pro</em></strong></span> 
     </span>
     <span class='ocr_line' id='line_1_46' title="bbox 112 4158 824 4226; baseline 0.007 -19"><span class='ocrx_word' id='word_1_515' title='bbox 112 4158 225 4210; x_wconf 90' lang='lat' dir='ltr'><strong><em>Venerem</em></strong></span> <span class='ocrx_word' id='word_1_516' title='bbox 235 4162 363 4226; x_wconf 83' lang='lat' dir='ltr'><strong><em>faciendo.</em></strong></span> <span class='ocrx_word' id='word_1_517' title='bbox 381 4165 548 4216; x_wconf 85' lang='lat' dir='ltr'><strong><em>Restituimus</em></strong></span> <span class='ocrx_word' id='word_1_518' title='bbox 560 4173 585 4215; x_wconf 88' lang='lat' dir='ltr'><strong><em>et</em></strong></span> <span class='ocrx_word' id='word_1_519' title='bbox 596 4164 670 4214; x_wconf 81' lang='lat' dir='ltr'><strong><em>Livio</em></strong></span> <span class='ocrx_word' id='word_1_520' title='bbox 684 4162 737 4226; x_wconf 87' lang='grc'>[42,</span> <span class='ocrx_word' id='word_1_521' title='bbox 752 4170 774 4224; x_wconf 87' lang='grc'>5,</span> <span class='ocrx_word' id='word_1_522' title='bbox 789 4160 824 4222; x_wconf 86' lang='grc'><strong><em>6]</em></strong></span> 
     </span>
    </p>
   </div>
   <div class='ocr_carea' id='block_1_4' title="bbox 0 0 1385 4734">
    <p class='ocr_par' dir='ltr' id='par_1_14' title="bbox 0 0 1385 4734">
     <span class='ocr_line' id='line_1_47' title="bbox 0 0 1385 4734; baseline 0 0"><span class='ocrx_word' id='word_1_523' title='bbox 0 0 1385 4734; x_wconf 95' lang='lat' dir='ltr'><strong><em> </em></strong></span> 
     </span>
    </p>
   </div>
  </div>
 </body>
</html>
