2760 4734
482 273 588 315 uocas
604 273 647 314 sn
662 274 745 315 nrnu.
761 273 866 315 xxxv.
1195 256 1235 319 99

62 435 70 441 “
111 427 162 476 1οοὶ
176 433 295 488 corrupta
307 423 416 473 lectione
428 432 454 472 et
464 425 625 474 distinctione
638 425 736 488 decepti
746 424 836 474 lexicis
846 425 1018 474 inserueruntr
1037 419 1234 490 ,,Διαγραφικὴ,

108 510 208 575 pictura
221 509 246 556 in
259 509 327 557 busa.
345 508 468 557 Plinius.'’
486 507 556 557 Idem
570 508 648 557 sensit
659 509 800 558 Pintianus.
1048 489 1060 500 ,

148 593 201 657 [86,
223 591 267 656 te]
297 591 439 642 Semiramis
459 608 488 640 eu
508 590 599 640 ancilla
619 590 753 655 adipiscens
773 589 880 656 repnum]
910 592 986 642 Voss.
1011 592 1073 643 Sem.
1095 608 1124 641 ea
1146 591 1237 642 andllu
1250 601 1298 646 8³5

111 694 209 744 repnum
225 676 342 741 apiscrns.
368 677 451 727 Probe
469 683 494 726 et
511 678 623 739 entique.
647 678 753 726 Tacitus
769 684 784 725 8
803 674 860 738 [17]
879 677 974 726 Annul.
997 672 1122 740 apiscendi
1135 675 1236 726 inlicitas

112 763 212 814 nonam
224 770 267 811 aut
274 760 383 825 pellendi
391 759 470 809 cicuras
481 761 552 810 uiros.
571 762 615 811 lib.
629 768 644 810 4
658 758 698 822 [1]
707 760 798 824 palam
814 761 954 824 compositus
967 759 1054 824 pudor,
1072 761 1135 810 intus
1146 779 1237 812 summa

110 843 240 912 apresendi
256 845 337 895 libido.
360 848 394 895 Et
407 843 443 907 [t,
459 843 501 906 lt]
515 845 558 907 qui
574 843 602 892 id
609 844 748 907 flaminium
765 844 916 908 apmceretur.
939 846 983 895 lib.
997 849 1011 893 6
1030 843 1099 908 [⁴5]:
1118 845 1179 894 nibil
1193 847 1236 895 ab·

113 940 230 992 ruentem,
243 930 298 978 dum
310 928 479 978 dominationis
489 929 642 992 apisceretur.

149 1015 204 1078 [38,
218 1013 263 1076 88]
287 1012 356 1071 Quod
368 1029 461 1061 manum
473 1011 513 1060 ille
525 1011 553 1060 de
566 1011 647 1060 tabula
659 1013 758 1061 nesciret
770 1011 860 1075 tollere]
879 1014 957 1063 Voss.
970 1030 1015 1061 non
1027 1013 1105 1062 sciret.

149 1097 239 1162 [Ibid]
257 1097 351 1155 Quanto
362 1093 421 1160 quid
431 1113 448 1144 a
460 1112 504 1159 qua
517 1094 618 1159 distare]
638 1097 712 1146 Voss.
725 1104 813 1160 quanta
828 1096 888 1160 quid
897 1114 914 1145 a
929 1113 1019 1161 quaque
1030 1096 1122 1147 distare
1133 1097 1235 1149 deberet.

150 1181 208 1245 [38,
225 1180 270 1244 81]
298 1180 415 1231 Tabulam
431 1196 532 1245 mapnae
549 1179 723 1244 amplitudinis]
748 1183 823 1232 Voss.
842 1181 909 1232 Gud.
926 1183 1007 1232 Acad.
1032 1180 1127 1245 amplae
1145 1183 1237 1248 mapni-

35 1284 43 1292 *
113 1266 211 1317 tudinis.

150 1349 204 1413 [88,
217 1347 262 1412 88]
285 1346 358 1400 ΝἰΙιιΊ
371 1346 441 1397 aliud
454 1348 605 1396 remanentem
621 1363 691 1411 qnam
709 1347 784 1397 lineas
801 1350 875 1398 cunm
893 1348 1041 1414 effupientee]
1069 1351 1143 1399 Voss.
1165 1365 1235 1413 quam

114 1433 239 1484 inlinens.
262 1433 352 1484 Voluit
372 1448 443 1495 quam
463 1430 510 1480 111
529 1431 604 1480 lineas
626 1433 678 1482 sive
701 1441 748 1481 tres
764 1432 846 1483 lincae.
874 1435 924 1485 Sed
941 1449 994 1484 non
1011 1435 1135 1484 hactenus
1153 1437 1237 1486 solnm

114 1522 214 1571 laborat
224 1521 306 1568 locus.
330 1518 373 1568 Sic
385 1519 453 1566 euim
466 1517 555 1566 Voss:
575 1514 741 1580 Consumptam
758 1533 809 1565 earn
819 1518 901 1582 priore
912 1518 1020 1567 incendia
1035 1515 1145 1566 Caesaris
1156 1516 1238 1568 damus

115 1603 141 1650 in
156 1601 250 1666 palatio
265 1601 325 1650 audi
339 1609 469 1666 spectatam
485 1600 550 1649 nobie
567 1607 622 1648 ante
642 1601 747 1664 spatiose
767 1601 827 1651 nibil
846 1601 915 1651 alind
934 1603 1094 1653 continentem.
1121 1603 1237 1667 Interpo-

114 1697 221 1737 euernnt
233 1693 324 1735 canstat
339 1693 364 1737 et
382 1667 699 1750 spatiosiore‘amplitudinc.
723 1685 775 1737 Sed
787 1688 905 1738 videntur
917 1688 1032 1739 debuisse
1043 1690 1158 1737 reddere:
1179 1684 1238 1736 Oan-

115 1778 232 1835 sumptam
248 1783 300 1818 earn
315 1770 396 1833 priore
413 1768 519 1818 incendio
539 1768 671 1818 Caesareae
688 1768 771 1819 damus
786 1771 809 1819 in
821 1770 923 1820 Palatio
935 1770 1014 1832 audio,
1032 1778 1161 1834 spectatam
1174 1767 1238 1829 olim,

118 1862 183 1903 tanta
194 1855 272 1919 spatio
284 1854 345 1903 nibil
361 1852 428 1903 aliud
444 1853 596 1902 confinentem
612 1869 683 1916 qaam
701 1861 748 1901 tres
764 1852 846 1903 linear.
869 1855 983 1904 Incendii
999 1855 1132 1904 Palatinae
1149 1855 1239 1903 domus

117 1940 232 1990 meminit
252 1939 388 1989 Suetonius
410 1938 558 1989 Octauii.
585 1934 616 1984 In
633 1935 800 1985 restitutionem
817 1936 949 1986 Palatinae
969 1936 1052 1986 domus
1072 1936 1178 1986 incendic
1196 1938 1238 1985 ab·

116 2032 232 2088 sumptae.
255 2024 331 2085 Quod
347 2025 399 2074 sive
415 2023 485 2086 prius
502 2023 554 2071 sive
570 2022 695 2084 posterius
707 2022 763 2082 fuit,
782 2031 891 2072 aetatem
903 2023 981 2072 Plinii
993 2023 1134 2072 antecessit.
1162 2021 1239 2071 Tanto

117 2109 197 2172 spatia
208 2117 234 2159 et
244 2110 386 2159 Pintianus.

153 2191 207 2255 [86,
224 2191 268 2255 85]
296 2191 374 2255 Nam,
396 2199 423 2241 ut
439 2190 552 2252 diximus,
573 2193 604 2240 ab
621 2191 670 2244 alia
687 2190 759 2256 pinpi
774 2207 799 2240 se
816 2191 888 2240 vetuit
905 2189 991 2253 edicto]
1019 2192 1148 2243 Edebatur
1165 2202 1240 2242 entes

117 2277 190 2326 vetuit
205 2277 333 2327 inveterato
353 2276 436 2326 edicto.
464 2276 573 2327 Sustulit
594 2273 624 2326 rb
642 2276 772 2327 inveterato
789 2276 918 2327 Gelenius.
947 2275 998 2326 Sed
1018 2285 1044 2326 et
1061 2276 1240 2339 corrigendum

118 2369 231 2412 vetuerat.
250 2363 292 2414 sic
305 2363 372 2411 enim
384 2361 537 2412 Vossianus:
556 2376 619 2422 nam,
632 2369 659 2409 at
670 2359 782 2423 diximus,
794 2361 826 2409 ab
838 2359 886 2409 alio
897 2360 968 2424 pinpi
978 2376 1002 2409 se
1014 2368 1120 2409 aetuaat
1130 2359 1213 2409 edicta.

154 2444 207 2508 [³6,
220 2443 265 2508 86]
287 2444 426 2495 Alexander
440 2446 464 2494 ei
478 2444 586 2494 bonorem
603 2444 736 2494 clarissimo
749 2445 863 2509 praebuit
873 2443 988 2508 exemplo]
1007 2446 1084 2495 Voss.
1097 2459 1240 2508 quamquam

117 2529 260 2581 Alexander
276 2530 382 2580 banmem
399 2540 422 2580 et
436 2531 569 2580 clarissimo
581 2529 704 2594 perbibuit
719 2530 831 2595 exemplo.
852 2533 922 2594 Lege
939 2529 1046 2580 bonorem
1062 2532 1091 2581 ei.
1113 2534 1158 2582 lib.
1172 2538 1211 2591 19,
1224 2541 1240 2582 4

119 2616 176 2679 [19,
196 2613 252 2676 59]ι
279 2630 349 2678 quam
365 2615 397 2665 sit
413 2615 509 2677 difficile
527 2615 648 2664 uerborum
665 2614 773 2664 bonmem
793 2623 840 2663 tam
856 2613 940 2678 paruis
954 2614 1086 2678 perbibere.
1110 2617 1238 2676 1111111

119 2699 158 2763 [9,
172 2697 230 2761 29]:
252 2701 316 2748 obsto
331 2707 357 2751 ut
372 2700 441 2749 rebus
452 2699 590 2764 praecipuis
606 2699 678 2748 banos
689 2699 713 2748 in
726 2699 814 2764 primis
822 2698 983 2763 perhibeatur.
1005 2702 1102 2750 Eodem
1114 2701 1157 2750 lib.
1172 2704 1240 2762 2116

120 2783 175 2846 [89‚
190 2782 264 2846 tee]:
282 2784 400 2850 Mapnam
413 2784 573 2834 auctoritatem
586 2783 640 2833 buia
654 2783 756 2833 animali
763 2783 870 2849 perhibet
881 2782 1002 2849 Nipidius.

58 2928 64 2939 Ι
155 2866 208 2930 [86,
221 2869 265 2932 88]
289 2869 381 2928 Quanti
396 2869 527 2918 licitaretnr
538 2885 611 2932 opera
623 2869 719 2932 ffcta]
738 2871 813 2919 V'oss.
829 2868 913 2918 liceret.
931 2884 992 2919 nam
1004 2877 1030 2918 et
1040 2868 1156 2918 venditor
1172 2865 1242 2915 licere

120 2953 218 3004 dieitur.
242 2955 380 3005 Suetonius
397 2954 479 3016 Calig.
498 2957 539 3002 38.
562 2953 672 3000 monitum
689 2969 705 3000 a
724 2951 782 3001 Caio
795 2968 943 3016 praeconem,
960 2969 988 3000 ne
1001 2952 1150 3015 praetoriam
1168 2951 1242 2999 airum

120 3037 201 3087 crebro
217 3037 305 3100 capim
320 3045 382 3084 motu
399 3043 517 3083 nutantem
535 3034 583 3082 sibi
594 3035 746 3098 praeteriret,
763 3052 805 3084 nec
816 3033 903 3084 licendi
909 3035 985 3097 finem
994 3037 1100 3098 facbrm.
1118 3034 1242 3086 Martialis

120 3123 165 3172 lib.
177 3112 199 3174 8.
219 3123 298 3186 epigr.
313 3124 343 3168 66
364 3116 417 3180 [4];
442 3116 563 3169 Vendebat
582 3115 650 3166 moda
667 3134 755 3182 praem
774 3117 906 3169 Gellianus.
930 3119 1014 3168 Parva
1034 3134 1085 3167 eum
1103 3116 1180 3180 pretio
1201 3115 1243 3166 diu

121 3204 208 3255 liceret.
226 3207 269 3257 Sic
282 3206 358 3254 etiem
371 3204 454 3253 codex
465 3203 584 3253 Pintiani.

157 3289 244 3352 [Ibid]
271 3288 317 3338 Ad
336 3286 419 3337 bellum
432 3287 589 3352 festinantem
608 3295 631 3336 et
646 3286 669 3336 ei
683 3285 777 3352 paleam
791 3284 909 3349 poscenti]
937 3287 1012 3337 Voss.
1027 3287 1183 3350 festinantem
1199 3302 1244 3352 pa·

122 3368 228 3437 leamqae
236 3375 343 3437 poscenti
354 3373 497 3438 armiperum
507 3371 672 3437 parripentem.
695 3373 829 3422 Pintiunns
841 3365 874 3419 τὰ
887 3369 943 3419 etei
954 3373 1078 3421 demenda
1089 3378 1162 3421 notat
1173 3371 1244 3421 iussn

121 3459 289 3509 vcmnslieri.

157 3540 212 3604 [88,
222 3540 266 3604 94]
280 3541 366 3591 Pinxit
378 3548 400 3589 et
411 3541 495 3593 Herna
507 3538 605 3602 nudam]
616 3541 692 3591 Voss.
706 3539 895 3590 beroanumdum.
913 3541 957 3590 An
966 3540 1033 3590 Hero
1042 3548 1121 3600 anam,
1133 3538 1245 3589 Leandri

122 3641 222 3676 amores
235 3628 296 3676 anili
308 3627 399 3689 specis,
418 3628 445 3675 in
457 3642 508 3689 qua
520 3626 617 3675 scilicet
627 3625 750 3689 pristinae
761 3624 860 3674 formae
872 3623 993 3688 reliquiae
1006 3622 1173 3687 apparerent?
1189 3621 1245 3670 Nisi

121 3720 210 3760 tumen
226 3710 294 3759 Hera
310 3709 406 3758 nudam.
429 3711 511 3759 Acad.
529 3717 554 3759 et
572 3709 638 3760 Gnd.
654 3709 721 3758 Hera
738 3707 893 3777 etleandram
905 3706 940 3755 ad
950 3722 1020 3769 quam
1030 3706 1156 3769 picturam.
1175 3704 1244 3753 Men.

122 3793 190 3843 Hero
202 3801 225 3841 et
236 3793 375 3843 alcandrum
388 3792 422 3842 ad
433 3809 503 3856 quam
513 3793 640 3856 picturam.

159 3876 212 3940 [86,
226 3875 269 3949 96]
297 3876 472 3927 Ceraunobolan
489 3875 623 3941 appellant]
650 3878 732 3926 Acad.
755 3876 937 3939 seraneoptitan.
965 3873 1032 3924 Gud.
1050 3881 1075 3922 et
1090 3871 1160 3921 Meu.
1179 3886 1245 3919 cera-

122 3963 251 4026 aeoptitaa.
279 3962 355 4013 Voss.
377 3961 566 4010 cacunabcitan.
595 3963 687 4022 Forte,
707 3958 901 4010 Ceraunobolian.
926 3950 1148 4022 nepaurossoliar.
1178 3955 1246 4004 Nam

122 4048 288 4097 haecomnia
306 4049 397 4107 delere,
415 4054 537 4109 tanquam
554 4061 618 4108 qnae
634 4046 683 4095 siut
696 4045 815 4096 Graeculi
832 4043 945 4104 alicuius,
963 4050 992 4092 ut
1008 4042 1093 4092 voluit
1103 4040 1244 4099 Pintisnns,

123 4131 225 4181 incivile
238 4142 283 4182 est.

1024 4205 1042 4239 ff
