2760 4734
167 220 185 282 8

166 397 325 467 spectatam
338 389 468 447 iudicant
482 407 591 458 omnes,
612 388 740 463 quando,
760 394 793 445 ut
807 389 933 463 primum
947 387 1076 447 facultas
1100 388 1174 460 luit,
1197 408 1257 449 non
1270 396 1296 449 te

165 503 282 558 beatum
304 498 456 568 censuisti,
483 498 539 557 nisi
561 497 668 555 multos
689 508 719 555 et
740 498 990 557 emendatissimos
1015 499 1175 557 homiuum
1197 519 1251 575 per
1269 507 1296 559 a

166 610 266 667 beatos
288 608 413 666 videres.
443 607 569 664 Nullum
591 608 667 664 enim
687 607 794 665 certius
815 607 884 665 boni
905 606 1084 684 symbolum,
1109 626 1208 683 quam
1227 628 1296 685 gau·

166 718 234 775 dere
248 714 464 787 communicari,
479 723 508 773 et
522 734 553 773 se
568 715 723 773 fruendum
739 733 887 790 spargere.
911 715 999 773 etiam
1013 719 1100 777 cattia
1115 718 1194 777 bona
1209 737 1294 794 quoa·

168 829 208 885 rit
222 828 329 885 haberi.
351 825 457 901 Neque
470 826 596 902 imputas
611 825 780 901 quidquam,
791 832 843 883 aut
857 833 954 883 astute
967 825 1092 900 cogitas,
1108 835 1166 885 aut
1180 828 1294 887 omnino

167 937 266 994 studes
281 936 344 1008 tibi,
360 936 411 992 sed
427 936 473 994 oui
487 936 540 1005 rei,
552 935 607 993 sub
621 952 728 1007 magno
741 935 793 992 illo
807 941 837 993 et
851 935 1074 1009 incomparabili
1086 952 1185 1009 gazae
1198 937 1295 1012 regiae

166 1045 286 1103 custode
306 1053 393 1118 atque
414 1045 540 1114 arbitro,
567 1045 652 1118 quasi
672 1044 817 1101 secundus
837 1050 939 1101 auctor
958 1042 1053 1113 luisti,
1083 1062 1151 1103 eam
1172 1046 1296 1105 fideliter

167 1155 231 1228 agis
252 1154 365 1224 iussus,
393 1162 422 1211 et
441 1154 592 1228 dispensas
612 1152 818 1211 liberalitatem
840 1152 949 1211 domini
969 1152 1089 1211 scientis
1110 1155 1295 1213 rorationes

168 1262 346 1338 accipientis:
367 1263 413 1320 cui
432 1269 461 1319 et
482 1261 536 1320 soli
555 1261 655 1319 referri
677 1269 828 1336 acceptum
848 1261 1007 1337 praecipis:
1028 1269 1118 1335 atque
1131 1263 1166 1321 in
1181 1281 1296 1323 summa

167 1390 258 1429 unum
283 1372 415 1445 quaeris,
441 1380 475 1427 ut
503 1368 767 1428 christianissimae
791 1369 970 1441 Maiestatis,
997 1371 1295 1431 convenientissimus

167 1488 249 1537 tanto
269 1479 387 1553 fastigio
408 1488 438 1537 et
452 1498 571 1554 compar
593 1480 727 1537 omnibus
749 1479 812 1537 eius
833 1479 954 1537 heroicis
974 1479 1214 1555 coelestibusque
1234 1482 1294 1539 vir·

168 1589 290 1658 tutibus,
313 1588 475 1647 studiorum
491 1606 573 1645 amor
588 1595 617 1644 et
632 1586 748 1646 Galliae
762 1587 892 1646 florentis
913 1588 1011 1662 imago
1030 1589 1144 1664 ingenti
1157 1591 1295 1666 exemplo

167 1717 220 1772 per
239 1697 364 1772 populos
386 1701 418 1754 et
436 1698 569 1755 nationes
589 1697 738 1771 effirlgaat‚
758 1699 814 1755 hoc
833 1704 888 1768 est,
909 1698 985 1773 Regi
1004 1698 1098 1757 servis
1117 1707 1149 1757 et
1164 1700 1294 1759 Patriae.

168 1805 248 1864 Nam
261 1826 298 1864 ne
311 1805 368 1864 hoc
381 1806 497 1881 quidem
512 1806 670 1877 inficiabor,
691 1806 720 1863 id
739 1807 846 1882 ipsum,
867 1808 945 1882 quod
959 1806 1044 1877 facio,
1065 1807 1165 1882 ing'eri
1178 1809 1234 1867 tibi
1247 1828 1294 1867 re·

169 1916 322 1992 pugnanti,
338 1922 368 1972 et
382 1933 483 1972 severe
496 1924 536 1985 te,
552 1933 588 1972 ne
602 1916 694 1987 fieret,
714 1916 909 1991 prohibuisse,
930 1925 1017 1991 atque
1030 1917 1088 1975 hoe
1102 1916 1205 1975 solum
1218 1934 1294 1988 esse,

170 2025 201 2081 in
221 2043 280 2097 quo
302 2043 348 2081 me
368 2032 568 2082 contumacem
592 2031 620 2081 et
644 2025 882 2098 inobsequentem
907 2043 997 2101 queas
1021 2025 1157 2102 experiri.
1192 2025 1294 2099 Quan-

171 2151 259 2206 quam
279 2135 309 2191 in
328 2140 389 2190 tam
407 2133 485 2192 lecta
504 2136 623 2191 cohorte
636 2141 765 2205 tuorum,
786 2141 876 2208 quota
890 2153 959 2209 pars
975 2152 1030 2209 ego
1044 2153 1121 2206 sum,
1142 2142 1180 2193 ut
1198 2154 1294 2195 meum

171 2260 298 2316 quoque,
318 2242 394 2300 forte
408 2243 565 2314 insulsum,
587 2242 715 2301 officium
729 2241 827 2300 ieras?
847 2250 880 2300 nt
894 2253 923 2300 et
942 2244 1008 2301 huic
1022 2243 1133 2303 homini
1147 2244 1293 2319 suffraga-

169 2353 279 2409 tionem
300 2334 412 2410 tantam
432 2360 461 2409 te
480 2352 661 2428 praestitisse
682 2369 719 2406 ne
737 2350 852 2426 pigeat?
872 2361 977 2410 utnon
997 2352 1130 2411 desinere
1143 2372 1193 2411 me
1208 2371 1293 2413 cura·

171 2480 247 2533 rum,
268 2461 433 2534 quaemihi
452 2468 562 2517 tessera
580 2461 617 2516 ad
636 2460 792 2517 amicitiam
811 2472 893 2517 tuam
912 2461 1003 2533 fuere,
1026 2478 1175 2537 suspensa
1192 2463 1295 2523 tabula

173 2567 368 2627 admoneare?
391 2567 477 2640 Quod
500 2569 524 2627 si
544 2569 613 2642 quid
632 2567 704 2627 haec
720 2569 844 2627 tenuitas
858 2570 984 2645 amplius
997 2572 1055 2629 hoe
1067 2569 1184 2631 efficere
1197 2580 1295 2647 possea

172 2678 235 2747 tibi,
255 2679 393 2736 voluntas
407 2679 488 2735 haud
501 2679 755 2753 tergiversaretur:
778 2679 830 2736 sed
848 2689 878 2736 et
896 2680 926 2736 in
941 2679 1003 2750 illo,
1023 2682 1161 2753 quamvis
1176 2701 1215 2739 ex
1229 2699 1295 2739 sen·

100 2820 103 2825 -
173 2786 264 2843 tentia
277 2786 412 2845 cessisset
425 2786 566 2860 inprimis,
586 2805 661 2860 quae
680 2788 767 2845 animi
787 2788 925 2845 nobilitas
945 2796 989 2846 est
1008 2789 1060 2859 tui,
1079 2807 1139 2847 nou
1161 2790 1206 2847 ita
1226 2806 1295 2864 pre·

113 2908 161 2957 770
174 2896 246 2953 tium
261 2897 355 2965 reite,
376 2902 410 2952 ut
424 2896 561 2953 voluntas
576 2896 731 2969 offerentis,
752 2906 880 2955 teneret:
903 2898 991 2972 igitur
1005 2899 1036 2955 in
1049 2898 1106 2957 hoe
1119 2916 1253 2975 quoque,
1273 2898 1297 2955 si

174 3023 255 3074 eam,
281 3011 314 3061 ut
339 3012 398 3075 est,
424 3006 570 3080 egregiam
596 3014 625 3063 et
648 3006 793 3081 prolixam
818 3007 1065 3082 interpretabere,
1093 3006 1167 3065 nihil
1193 3008 1297 3067 aberit.

174 3113 308 3187 Denique
328 3115 463 3184 auctoris,
483 3135 570 3189 quem
589 3125 618 3172 et
636 3116 666 3171 in
687 3134 745 3188 quo
761 3116 906 3173 studiosos
920 3116 1053 3175 adiutum
1071 3117 1116 3173 ire
1136 3117 1298 3187 voluimus,

175 3242 211 3280 ea
228 3231 273 3280 est
291 3224 486 3297 praestantia,
510 3224 539 3279 id
560 3232 738 3281 momentum
758 3225 788 3281 iu
810 3243 898 3282 censu
916 3231 1047 3283 veterum
1067 3226 1238 3299 literarum,
1267 3234 1300 3285 ut

175 3331 369 3404 quodcunque
389 3330 436 3388 vel
456 3331 607 3387 minimum
627 3333 653 3388 ei
676 3335 891 3404 commodatur,
911 3335 940 3393 id
960 3333 1088 3391 [ructum
1110 3334 1193 3393 forre
1214 3337 1300 3395 inve-

176 3439 264 3495 nienti
290 3445 319 3494 et
344 3458 400 3495 non
427 3441 669 3497 contemnendum
693 3459 758 3499 esse
784 3443 928 3500 videatur.
966 3443 1043 3501 Vale
1063 3444 1120 3501 Vir
1145 3464 1301 3520 nunquam

178 3548 248 3606 satis
267 3549 398 3619 laudate,
421 3557 449 3605 et
471 3550 521 3622 qui
540 3547 641 3626 Pylios
662 3567 761 3620 sanes,
783 3561 817 3609 ut
835 3552 988 3611 sanctitate
1009 3561 1039 3609 et
1059 3555 1238 3627 prudentia,
1260 3557 1304 3615 sic

179 3659 260 3716 aunis
276 3675 381 3731 aeques
396 3658 573 3732 dignissimo.

241 3776 378 3853 Lugduni
392 3780 423 3834 in
437 3776 557 3835 Batavis
572 3796 599 3835 a.
615 3779 643 3834 d.
659 3778 714 3835 IV.
731 3779 800 3835 Idus
816 3778 1002 3854 Septembres

429 3879 468 3935 A.
485 3877 518 3935 C.
534 3876 812 3937 CIOIOCLXVIII.
