2760 4734
480 287 585 329 uorsa
601 287 644 328 sn
658 287 742 329 111111.
757 287 872 328 xxx1v.
1194 266 1234 329 89

150 436 202 501 [10,
217 435 262 498 92]
285 434 409 488 Saltama
419 433 557 496 Lacaenae,
576 436 722 485 emendatum
733 434 802 500 opus]
825 436 919 498 Aptius
931 435 1031 497 legetur
1042 433 1233 496 commendatum,

114 538 191 586 quem
213 518 372 580 emendatum,
392 520 475 583 inquit
495 521 605 570 Pintian.
635 522 711 570 Hsad
732 535 781 582 ego
802 520 843 567 vel
864 520 897 568 ob
916 533 995 568 unum
1016 520 1130 571 Petronii
1149 520 1235 568 locum

115 602 271 669 [csp.126]:
298 602 412 667 laterique
431 602 539 668 adplicat
558 620 608 652 meo
628 602 747 652 mulierem
768 602 873 652 omnibus
893 602 1027 651 simulacris
1048 601 1234 652 emendatiorem.

114 690 164 739 Sed
177 698 203 738 et
215 703 292 751 supra
302 689 402 739 Plinius
415 686 469 750 [10,
483 685 539 748 38]
555 685 672 750 Capillum
684 701 774 749 quoque
786 694 809 733 et
817 686 902 748 pubem
914 701 960 733 non
971 685 1117 735 emendatius
1120 687 1218 751 fecisse.

149 769 238 834 [Ibat]
263 770 385 836 Nascatur
398 779 446 819 tam
458 771 529 819 inane
540 769 681 834 exemplum]
700 771 743 821 sie
756 778 781 820 et
792 769 869 819 Voss.
888 770 1029 830 Pintienus,
1042 769 1139 833 insipie.
1156 771 1234 833 Lege,

114 864 162 905 tam
180 845 282 904 immane
298 853 433 918 exemplum.
457 855 560 915 111122,
579 862 594 904 2
617 852 735 916 [corriget
758 860 799 913 22,
817 858 858 913 22,
877 859 917 913 46,
935 850 992 915 92]ε
1020 851 1105 902 boletos
1126 852 1236 902 immenso

113 937 219 1002 exemplo
235 938 260 986 in
275 938 361 988 11111111
377 936 500 998 adductae,
518 953 604 986 veneno
623 937 662 987 Ti.
688 935 787 986 Claudia
801 936 910 1000 principi
921 951 967 999 per
978 933 1039 985 banc
1051 934 1193 984 occasionem
1205 938 1236 984 ab

113 1023 212 1087 coninpe
229 1021 286 1071 data
301 1021 445 1086 Aprippina.
472 1022 516 1073 lib.
534 1028 575 1083 28,
593 1028 608 1071 2
627 1019 663 1083 [3,
682 1019 736 1082 12];
758 1021 842 1070 Durat
858 1019 969 1068 immenso
986 1017 1090 1082 exemplo
1106 1017 1235 1070 Deciorum

110 1107 192 1171 patris
206 1105 305 1169 filiique,
320 1122 367 1169 quo
383 1122 408 1154 se
425 1104 544 1167 deuouere,
563 1121 665 1154 carmen.
689 1106 733 1154 lib.
746 1112 787 1166 30,
801 1111 816 1153 2
830 1102 866 1166 [3,
881 1101 936 1165 15]:
958 1102 1098 1152 Immensum
1110 1111 1132 1152 et
1143 1102 1235 1152 indubi-

115 1200 188 1241 tatum
200 1189 331 1253 exemplum
342 1189 467 1254 estsalsae
477 1190 547 1252 artis,
560 1206 630 1253 quam
643 1187 769 1251 dereliquit
779 1187 853 1238 Nero.

148 1275 214 1326 Gir.
225 1275 259 1324 X.
278 1272 331 1335 [22,
346 1272 406 1336 101]
428 1272 465 1322 Et
480 1276 511 1322 ab
527 1289 553 1322 ea
569 1281 707 1337 arpumcnto
724 1271 822 1336 botrytis
837 1269 1012 1335 capnominato]
1037 1273 1112 1323 Voss.
1130 1272 1236 1321 camaris

115 1358 247 1424 mandens
262 1366 285 1407 et
299 1358 331 1406 ab
348 1373 374 1407 eo
389 1366 527 1422 arpumenta
545 1356 664 1422 botryonis
675 1356 805 1405 nominata.
828 1355 959 1419 Botryonis
975 1363 1001 1406 et
1016 1357 1118 1420 Menop.
1135 1359 1235 1407 Acade·

114 1446 195 1494 micus
207 1442 397 1505 Gudianusque,
410 1445 454 1492 ssd
467 1450 492 1492 et
503 1441 626 1492 Pintiani:
644 1441 706 1504 ipse,
725 1448 754 1489 ut
764 1439 926 1499 Hermolaus,
939 1438 1065 1504 Batrpitis.

149 1524 280 1589 [22103]
307 1524 433 1576 Ossaeae
454 1533 503 1573 tota
524 1524 595 1589 nipra
615 1531 639 1572 et
659 1531 806 1572 caeterarum
826 1520 1005 1585 sordidissima]
1033 1523 1108 1573 Voss.
1126 1524 1234 1572 caeteris.

113 1612 191 1673 Lege,
203 1610 275 1674 nipra
286 1625 298 1658 e
309 1608 411 1658 caeteris
422 1608 596 1660 sordidissima.

147 1694 213 1745 011².
225 1693 273 1744 XL
293 1691 346 1755 [23,
367 1692 427 1756 108]
452 1691 556 1744 Oredunt
571 1692 689 1758 seplasiae
706 1709 737 1742 ca
753 1693 860 1753 omnebus
877 1691 969 1756 quidem
982 1691 1116 1755 fraudibus
1132 1707 1234 1741 conum-

110 1775 189 1842 pentt]
207 1778 284 1829 Voss.
297 1777 395 1827 credunt
405 1778 542 1843 simplasiae
553 1779 632 1827 amnia
636 1777 769 1842 fraudibus
780 1778 937 1840 corrumpenti
946 1777 994 1825 iam
1006 1775 1107 1839 quidem,
1116 1776 1236 1838 factaque

114 1861 245 1926 emplastra
259 1870 283 1911 et
298 1861 400 1926 oollpria
416 1870 558 1910 mercantur.
581 1863 694 1911 Pintioni
706 1863 909 1923 quoquecobex,
926 1858 1043 1922 seplasiae
1054 1858 1142 1907 omnia.
1164 1860 1233 1909 Men.

115 1946 181 1997 (iud.
193 1947 276 1996 Acsd.
288 1944 387 1996 credunt
396 1943 484 2008 simpla
495 1943 539 1992 sed
550 1943 631 2005 (Men.
644 1940 692 2004 set)
705 1958 735 1990 ea
745 1942 850 1991 omnebus
861 1958 885 2005 a·

149 2029 202 2092 [26,
221 2028 281 2092 111]
308 2029 426 2094 Ooyssime
442 2044 496 2077 vero
514 2027 631 2077 contrabit
647 2042 786 2075 coronarum
807 2026 940 2090 aempinem
957 2024 1128 2087 recisamentis]
1153 2027 1234 2076 Aeso.

114 2115 182 2164 Men.
195 2113 262 2164 (iud.
283 2113 324 2164 Oc.
340 2130 362 2164 a.
380 2112 494 2177 continpit
511 2111 616 2161 tenacior
632 2110 801 2160 recisamentis.
824 2111 900 2161 Voss.
919 2110 1038 2175 Ocyssime
1056 2126 1110 2159 vero
1122 2109 1236 2173 cantinpit

114 2194 288 2246 cironariarum
300 2197 458 2246 recisamentis
470 2196 495 2245 in
507 2204 597 2245 acetum
609 2193 709 2243 additis.
728 2195 839 2257 Optime.
855 2192 975 2258 Gantinpit
986 2203 1024 2244 est
1036 2195 1130 2255 existit,
1142 2207 1234 2258 nempe

114 2295 217 2343 eerug0.
239 2281 359 2333 Dixerat:
370 2280 500 2347 Aerupinis
511 2296 602 2344 quoque
614 2295 713 2343 mapnus
724 2293 787 2328 usus.
804 2276 848 2326 sed
860 2277 968 2340 pluribus
980 2278 1049 2339 eafit
1059 2276 1141 2327 modis.
1163 2273 1234 2325 Coro-

114 2363 191 2425 narii,
211 2365 254 2427 qui
271 2380 377 2416 coronas
394 2365 497 2416 faciunt.
520 2366 564 2415 lib.
584 2369 624 2424 21,
642 2371 657 2413 2
676 2359 712 2424 [3,
726 2359 766 2424 l]:
790 2361 891 2427 Sicyone
907 2362 999 2427 inpenia
1016 2362 1123 2412 Pausiae
1136 2361 1235 2424 pictoris

113 2455 184 2510 atque
199 2445 316 2510 Glycerae
327 2449 467 2497 coronariae
479 2447 577 2498 dilectae
588 2447 632 2497 illi.
654 2449 754 2497 Eodem
772 2448 816 2496 lib.
829 2462 884 2510 cap.
898 2453 912 2496 9
931 2443 984 2508 [30,
998 2443 1054 2508 54]ι
1077 2445 1123 2494 alii
1136 2443 1235 2508 asphal-

114 2530 171 2588 tion,
188 2529 277 2577 maiore
284 2529 358 2593 folia,
376 2547 421 2592 quo
436 2540 534 2580 amentur
549 2531 675 2582 coronarii.
694 2541 719 2582 et
730 2545 786 2596 esp.
801 2538 831 2582 12
846 2528 896 2594 [est
908 2536 962 2595 esp:
978 2536 1016 2592 ll,
1029 2535 1070 2591 39,
1084 2527 1142 2592 03]ι
1162 2526 1233 2579 Coro-

114 2610 181 2659 natii
190 2608 284 2673 quidem
296 2619 319 2660 et
329 2612 482 2676 spinaeflore
492 2622 596 2665 utuntur.

148 2695 214 2746 ΟΑΡ.
226 2696 302 2747 ΧΠΙ.
321 2695 374 2759 [34,
390 2697 449 2761 130]
471 2698 603 2750 Leussdme
618 2700 677 2750 baec
692 2701 788 2763 efflatur
803 2709 825 2750 et
836 2701 900 2751 ocius
911 2699 1043 2764 evolatque]
1065 2700 1148 2751 Acad.
1166 2697 1233 2748 111111-

112 2779 170 2828 simo
178 2779 247 2843 flatu
258 2780 336 2830 evolat
350 2799 363 2832 e
371 2784 523 2847 fornacibus,
540 2793 569 2836 ut
579 2795 606 2836 et
617 2788 687 2837 Meu.
700 2796 726 2838 et
738 2787 813 2848 Gai,
825 2787 875 2837 nisi
886 2788 957 2850 quod
968 2783 1096 2848 evolatque.
1114 2784 1232 2843 Pindum,

114 2861 251 2913 leuissimum
263 2863 305 2914 boc
316 2865 410 2927 efflatur
421 2877 445 2917 et
456 2870 523 2919 otius.
545 2870 621 2920 Voss.
637 2869 793 2918 Levissimum
810 2869 854 2918 boc
864 2878 899 2918 est
907 2869 1018 2931 flaturae
1030 2868 1103 2917 tutius
1114 2866 1234 2929 evolatque

113 2954 135 2995 et
137 2946 283 3010 fornacibus
294 2957 316 2998 et
328 2951 392 2999 tectus
403 2951 561 3001 adhaerescit.
574 2953 668 3011 Scribe,
679 2951 770 3000 loturae
779 2951 857 3000 tutius.
869 2953 936 3001 Nom
945 2967 1023 3014 supra
1033 2949 1086 3011 [33,
1096 2947 1156 3011 128]
1166 2963 1233 3012 pam·
1328 2996 1332 3004 .

110 3029 201 3095 plsolpa
210 3029 289 3080 lotura
298 3041 410 3096 paratur.
428 3034 471 3082 lib.
481 3039 523 3094 33,
536 3038 549 3084 7
563 3030 616 3092 [37,
628 3031 700 3093 114]:
713 3031 759 3079 alii
768 3032 864 3080 minium
872 3032 970 3093 faciunt
977 3032 1059 3094 prima
1071 3031 1156 3081 lotura.
1175 3033 1233 3080 Hoa

112 3114 155 3164 lib.
168 3122 209 3177 st,
224 3122 254 3166 18
272 3113 412 3176 [50,168]ι
434 3115 477 3164 Fit
493 3123 517 3163 et
532 3114 611 3163 lotura
624 3114 726 3178 plurimi
740 3130 796 3162 usus
811 3115 836 3162 in
852 3112 975 3162 medicina.
1004 3117 1070 3165 Mox
1088 3112 1141 3176 [34,
1160 3110 1233 3175 130]:

117 3197 187 3255 Quod
201 3215 255 3248 vero
266 3197 420 3247 rubicundius
436 3214 465 3247 es
480 3198 512 3247 iis
523 3197 646 3260 invenitur,
664 3197 780 3246 acriorem
792 3197 839 3245 eim
855 3196 925 3245 babet
941 3196 1105 3260 enukmatque
1115 3196 1183 3259 adea,
1199 3205 1232 3258 ut,

113 3297 163 3330 cum
176 3280 278 3344 iuvatur,
290 3283 314 3331 si
323 3281 401 3332 oculas
412 3282 499 3346 attipit,
512 3290 625 3332 macecol.
645 3283 687 3334 Sic
698 3282 785 3342 Voss,
798 3297 851 3330 non
862 3280 973 3344 attinpat.
991 3282 1049 3332 Hoc
1061 3283 1138 3346 igitur
1149 3283 1233 3335 minus

113 3373 195 3416 tatum
206 3367 315 3418 loturae.
333 3367 495 3416 Vocabulum
508 3368 547 3417 bis
558 3368 638 3418 hebes
649 3367 715 3416 infre
726 3381 782 3429 cap.
797 3372 827 3416 18
841 3362 895 3428 [50,
910 3370 957 3417 138
970 3376 996 3417 et
1009 3365 1079 3429 170].

148 3450 201 3513 [34,
216 3449 276 3512 181]
298 3451 391 3516 Dipitis
406 3450 545 3501 scabritiem
561 3450 677 3513 exterum]
701 3450 819 3510 Qaetaor
833 3454 914 3502 nostri
930 3460 960 3505 ut
970 3454 1082 3503 Pintisn.
1100 3454 1232 3503 scabrioiae

112 3543 275 3586 excernuntur.

147 3618 201 3682 [37,
215 3618 275 3681 136]
297 3619 331 3668 Id
345 3620 409 3683 quod
424 3630 517 3671 excocta
533 3621 642 3685 supersit,
661 3611 789 3687 diplirppes
800 3622 894 3686 uocare]
918 3624 994 3674 Voss.
1013 3622 1040 3672 id
1054 3621 1118 3685 quod
1129 3637 1158 3670 ec
1169 3629 1232 3669 cocta

111 3703 217 3766 superfit,
229 3703 349 3769 depluppa
360 3713 451 3755 vocant.
470 3707 576 3757 Plautus
589 3707 678 3757 Sticho
693 3703 729 3767 [4,
742 3712 960 3768 2121111592.
973 3703 1119 3767 Ritschsl.]:
1128 3703 1230 3768 Edepol,

113 3795 134 3835 te
145 3804 222 3837 vocem
235 3787 338 3850 libenter,
355 3788 379 3838 si
389 3790 505 3853 superfiat
517 3790 587 3841 meus.
605 3792 687 3841 Aced.
700 3806 810 3855 quoque,
828 3789 949 3855 diphrypa
960 3795 1051 3838 uocant.
1071 3789 1121 3839 Sed
1135 3786 1229 3852 beppo-

111 3869 343 3935 7chioscorides.
808 3932 821 3945 l

146 3957 210 4007 Cir.
228 3957 301 4008 XIV.
320 3956 373 4020 [39,
389 3956 448 4019 138]
476 3958 515 4008 Ne
521 3960 594 4022 ferro
609 3958 658 4008 nisi
672 3959 698 4008 in
713 3948 863 4025 apricultura
878 3955 1007 4018 uterentur]
1031 3958 1113 4007 Acsd.
1131 3957 1156 4005 in
1172 3972 1231 4020 apro

111 4039 180 4091 culto.
204 4041 271 4091 Gud.
290 4048 315 4089 et
326 4042 395 4090 Men.
413 4041 437 4089 in
454 4057 513 4105 apro
528 4041 599 4091 cultu.
625 4043 702 4094 Voss.
719 4043 745 4091 in
760 4041 817 4106 apri
831 4039 902 4090 cultu.
930 4041 965 4090 Et
982 4042 1033 4090 hoc
1048 4041 1133 4091 Plinii.
1156 4041 1232 4092 Libet

112 4127 178 4176 enim
197 4126 296 4176 disertis
313 4127 358 4175 ills
375 4127 501 4176 tralaticia
517 4128 622 4177 veriore.
645 4127 736 4178 Cicero
754 4128 798 4177 lib.
816 4133 831 4176 3
850 4122 907 4186 [st]
926 4126 953 4173 in
971 4126 1089 4176 Verrem:
1117 4123 1182 4182 Quid
1197 4134 1232 4174 est

111 4209 172 4259 enim
184 4208 279 4272 Sicilia,
291 4210 314 4260 si
324 4211 348 4260 ei
357 4210 414 4274 apri
423 4208 545 4260 cultionem
556 4210 696 4262 susmlasst
