2760 4734
481 256 586 298 sores
601 257 645 297 sn
659 258 743 297 mss.
759 258 876 298 xxxm.
1174 241 1231 302 111

107 409 165 473 [le.
178 405 236 469 68]
253 403 408 466 Oirculorum,
420 421 477 467 quos
492 405 582 456 Graeci
592 404 690 454 absidas
701 407 726 454 in
737 405 811 456 stellis
822 415 913 457 vocarit.
931 409 967 457 Et
979 406 1049 470 [111]
1064 407 1132 473 Erqo
1143 410 1174 456 ab
1186 409 1235 459 alio

107 494 193 558 cuique
203 499 283 542 centro
293 487 386 540 absides
395 504 453 538 suae
461 497 596 554 essurqunt.
613 491 648 539 Et
661 489 732 552 [ib.]:
745 490 855 554 quoniam
865 492 986 541 interiores
995 491 1093 541 abddm
1102 508 1192 540 necesse
1201 501 1236 541 est

108 578 230 628 membres
241 592 299 625 esse.
316 574 416 624 Ibidem
428 589 483 638 cup.
499 579 529 623 16
543 571 596 636 [11],
609 572 666 636 64]:
678 573 758 639 Iqitur
773 591 790 624 a
808 584 885 624 terrae
901 583 979 624 centro
996 576 1090 626 absides
1106 576 1236 626 altissimae

107 670 166 713 sunt
176 661 285 713 Saturna
296 659 321 708 in
333 657 469 721 Scorpium,
486 667 542 719 ete,
560 666 582 706 et
598 657 633 706 od
649 666 726 707 terrae
742 668 845 708 centrum
858 658 1003 709 humillimae
1019 669 1090 724 atque
1105 662 1236 724 proximae.

107 749 230 810 Denique
239 747 324 808 ipsum
333 743 405 802 illud,
417 745 486 804 quod
496 743 547 791 huc
557 745 730 793 revocavimus
741 741 810 806 [ib.]:
823 743 881 807 quia
892 742 1005 793 deductas
1014 746 1045 793 ab
1053 761 1145 793 mmma
1154 745 1236 794 abside

110 831 188 881 lineas
199 826 321 879 coarctari
332 824 368 875 ad
378 834 480 874 centrum
496 842 587 874 necesse
604 835 644 887 est,
661 827 722 875 sicud
737 827 762 876 in
779 827 837 875 rotis
852 826 942 879 radios.
960 824 1059 879 Plinius
1076 829 1139 879 ulter
1155 829 1198 879 lib.
1212 835 1235 879 2.

111 930 154 979 ep.
173 918 204 964 17
224 910 277 974 [8]:
298 909 439 959 Adnectitnr
455 909 542 974 enqulo
558 908 686 959 cubiculum
708 911 732 959 in
753 911 839 960 absida
859 921 988 962 curvatum.
1018 915 1190 976 Hieronymus
1210 914 1235 960 in

111 1000 187 1062 epist.
206 999 239 1046 ad
254 995 382 1059 Ephesios
396 992 436 1055 [9,
450 1002 474 1044 4.
487 1010 512 1057 p.
526 999 582 1045 178.
600 996 657 1045 edit.
674 993 762 1058 1616];
778 994 905 1059 Numquid
920 995 1033 1045 coelorum
1050 994 1161 1056 circulos,
1177 1012 1237 1059 quas

110 1079 250 1146 philosophi
260 1078 376 1143 splaeras
387 1085 479 1139 vocant,
492 1077 609 1126 transiens
620 1067 691 1142 atquc
704 1079 869 1128 transcendens
884 1081 949 1128 stetit
964 1080 988 1129 in
1005 1097 1093 1129 suntme
1110 1079 1169 1130 coeli
1177 1082 1236 1144 sor-

116 1167 168 1215 nice
184 1172 215 1225 et,
231 1171 257 1211 ut
268 1163 338 1211 uerbo
350 1161 453 1226 ipsorum
469 1169 532 1224 amr,
548 1161 647 1213 obsidet
666 1162 803 1214 Cassianus
815 1166 900 1214 callet.
915 1171 955 1214 24.
968 1181 1022 1229 esp.
1036 1171 1062 1214 6:
1080 1163 1111 1215 Si
1126 1165 1179 1228 quis
1195 1168 1236 1214 ab·

113 1249 175 1299 sidis
191 1263 315 1297 camaram
331 1244 410 1295 volens
427 1245 452 1293 in
467 1244 563 1294 sublime
578 1244 722 1295 concludere.
740 1247 812 1297 Haec
828 1250 984 1311 scripseram,
1002 1264 1060 1297 cum
1075 1251 1126 1299 vidi
1142 1251 1236 1300 editum

114 1335 178 1384 olim
190 1331 225 1381 ud
242 1347 356 1380 summam
369 1327 483 1393 aspidem,
502 1340 528 1380 et
538 1330 705 1380 Hermolaum
716 1341 818 1382 notasse
835 1341 947 1383 vetustos
963 1335 1061 1383 codices
1077 1333 1172 1383 habere
1184 1335 1237 1397 api-

113 1433 178 1478 cem,
200 1416 265 1467 forte
286 1425 372 1466 temen
392 1415 528 1476 legendum
548 1413 664 1475 absidum
686 1416 738 1465 hoc
758 1424 807 1476 est,
828 1424 997 1467 curvaturam.
1028 1417 1070 1467 Sic
1090 1418 1144 1467 ille:
1165 1419 1236 1482 peius

113 1504 255 1566 elegerunt

149 1584 209 1648 [ll,
228 1583 272 1647 ’18]
296 1582 347 1635 Sed
360 1583 469 1648 pyramis
485 1581 634 1646 amplissima
650 1599 679 1631 ec
695 1582 820 1647 Arabicis]
841 1586 997 1636 Particulnm
1016 1585 1067 1636 Sed
1083 1586 1149 1637 Gud.
1167 1588 1237 1637 Men.

113 1671 197 1721 Acsd.
208 1678 235 1721 et
246 1669 389 1719 Vossianus
401 1667 526 1716 reiiciunt.

149 1752 203 1816 [¹⁷2
216 1751 260 1816 79]
278 1749 395 1801 Latitudo
410 1766 427 1798 a
442 1749 561 1799 cacumine
575 1749 647 1814 pedes
664 1750 769 1813 XXV]
787 1752 868 1801 Aced.
885 1763 911 1801 et
922 1753 988 1803 Gud.
1007 1752 1107 1802 latitudo
1123 1771 1153 1802 ac
1168 1771 1237 1804 cacu-

113 1839 186 1888 minis
198 1825 270 1903 pedes
285 1833 379 1887 XVII.
402 1835 504 1897 Menup.
522 1832 621 1882 laterum
638 1832 740 1882 altitudo
756 1851 785 1882 uc
802 1836 930 1883 cacuminis
944 1835 1016 1899 pedes
1033 1838 1064 1886 Χ
1070 1835 1141 1887 VIII.
1160 1839 1235 1888 Voss.

114 1919 217 1970 deludo
233 1936 250 1968 a
264 1918 392 1971 cacuminis
406 1935 432 1982 p.
450 1918 483 1967 X
487 1916 563 1974 Vls
583 1916 614 1966 ed
628 1916 734 1966 alterius.
760 1918 842 1980 Lege:
864 1917 965 1967 altitudo
981 1937 997 1967 a
1014 1920 1134 1968 cacumine
1147 1920 1234 1984 pedum

114 2003 214 2055 utum
230 2002 308 2054 radlia
324 2009 463 2065 septunccrn,
479 2002 530 2050 sive
548 2009 645 2063 septem
657 2003 774 2064 pollices.
792 2003 869 2052 Forte
886 2004 962 2052 etism
980 2001 1015 2050 ad
1030 2019 1138 2052 cacumen
1151 2019 1237 2067 nsque;

115 2103 197 2151 neque
208 2089 277 2139 enim
288 2096 383 2138 temere
395 2095 441 2146 est,
454 2088 523 2148 quod
535 2093 644 2147 quatuor
656 2088 829 2147 membrumue,
842 2086 978 2136 cacuminis.

151 2171 202 2235 [17‚
215 2171 261 2235 80]
279 2170 387 2221 Alterius
400 2168 528 2219 interualla
538 2167 635 2233 sinqula
647 2185 692 2232 per
704 2178 806 2233 quatuor
817 2169 918 2234 anqulos
932 2187 1006 2235 pares
1017 2169 1180 2223 DGOXXX
1186 2172 1243 2222 VII

114 2254 322 2320 comprehendunt]
340 2256 453 2305 Rursum
465 2255 540 2305 Voss.
557 2251 720 2304 DOCXXX
726 2253 781 2303 VII
792 2257 816 2311 V
831 2254 1035 2319 comprehendunt.
1063 2256 1145 2304 Tertia
1161 2257 1239 2305 minor

114 2339 208 2403 quidem
216 2338 358 2404 praedictis
369 2337 412 2387 scd
423 2336 495 2387 multo
506 2339 641 2402 spectatior.
659 2339 780 2402 Intellige
793 2355 878 2390 rursus
890 2347 1044 2403 septuncem.

150 2423 213 2475 (isle.
225 2424 302 2476 XIII.
315 2421 368 2486 [19,
383 2421 427 2484 91]
446 2423 478 2472 Ut
489 2431 634 2471 externorum
646 2438 727 2486 requm
739 2422 834 2471 vanitas
846 2439 936 2486 quoque
947 2425 980 2471 ab
991 2422 1063 2472 Italis
1074 2424 1237 2488 superaretur]

115 2509 191 2557 Voss.
209 2523 301 2570 quoque
311 2505 383 2556 Italis
398 2514 526 2570 superetur.
545 2508 635 2556 Forte:
652 2515 678 2554 ut
694 2515 840 2556 externorum
857 2523 936 2571 requm
953 2508 1049 2556 vanites
1065 2525 1156 2572 quoquc
1168 2507 1240 2558 Italis

114 2597 270 2653 spectaretur.
590 2582 592 2587 ¹

153 2672 206 2736 [19,
217 2672 262 2736 99]
274 2672 317 2723 Es
325 2691 370 2738 quo
380 2673 500 2738 pendeant
511 2683 609 2738 excepta
617 2673 717 2737 catenis]
730 2677 807 2726 Voss.
818 2684 840 2723 et
848 2685 915 2739 apta.
928 2679 1017 2726 Forte:
1027 2694 1056 2725 ec
1066 2694 1111 2741 quo
1121 2677 1241 2742 pendeant

81 2744 87 2748 ’
115 2774 159 2807 sea
169 2765 229 2822 apte
239 2759 329 2808 catenus
341 2757 507 2809 tintinnabula.
527 2760 615 2810 Cicero
628 2765 651 2808 5.
670 2761 773 2810 Tuscul.
788 2758 841 2822 [ul,
855 2759 912 2823 62]:
929 2760 959 2810 In
972 2760 1014 2811 lcoc
1026 2761 1103 2811 medio
1114 2770 1239 2826 apparatu

111 2841 247 2906 sulqentem
260 2841 369 2907 qludium
386 2860 399 2890 c
414 2842 525 2892 lacunari
538 2853 589 2893 sete
602 2845 689 2908 equina
709 2853 789 2908 aptum
807 2844 897 2894 demitti
913 2845 988 2895 iussit.
1015 2848 1148 2897 Lucretius
1164 2847 1205 2896 lib.
1224 2852 1239 2894 4

122 2924 191 2987 [829.
203 2924 334 2988 Lachm.]:

318 3010 430 3061 Brachia
443 3021 492 3060 tum
501 3029 574 3075 porra
587 3010 677 3061 validis
688 3029 718 3060 eu
729 3019 789 3074 apta
801 3012 896 3060 lacertis

318 3095 388 3145 Esse.

151 3179 216 3229 CAP.
229 3180 303 3231 XIV.
318 3177 370 3241 [21‚
385 3179 430 3243 96]
454 3181 487 3231 Ut
496 3180 580 3229 senam
593 3188 665 3228 totum
677 3179 800 3242 insideret]
819 3182 900 3231 Aesd.
914 3181 984 3233 Meu.
997 3190 1023 3230 et
1035 3180 1100 3230 Gud.
1114 3188 1140 3228 ut
1155 3180 1239 3228 semim

117 3269 194 3311 motus
206 3262 231 3311 in
243 3262 300 3312 colle
311 3261 407 3312 sederet.
419 3264 494 3313 Voss.
508 3271 534 3312 ut
544 3263 682 3312 sensimotus
692 3263 717 3312 in
729 3263 777 3313 cole
788 3262 885 3313 sederet.
903 3263 984 3325 Lege:
1001 3271 1028 3311 ut
1043 3262 1129 3311 sensim
1141 3279 1199 3327 opus
1215 3264 1240 3313 in
1253 3275 1301 3320 845

116 3344 191 3394 cubili
198 3345 297 3397 sederet.
315 3348 382 3396 Mox
394 3349 473 3397 enim:
486 3346 582 3396 Etenim
595 3364 624 3396 ea
635 3338 741 3398 maxima
752 3347 893 3410 molesfuit:
904 3363 945 3396 nec
956 3346 1017 3397 sedit
1028 3348 1052 3396 in
1064 3347 1141 3397 cubili.
1154 3350 1240 3400 Possis

115 3430 197 3481 stium
209 3433 294 3494 legere
306 3431 392 3479 sensim
404 3430 482 3481 moles.

153 3512 208 3576 [21.
227 3513 272 3577 97]
291 3516 371 3579 Atque
389 3517 424 3564 ita
436 3525 530 3580 postero
548 3515 586 3565 die
602 3517 718 3580 apparuit
734 3517 884 3581 pondereque
901 3518 952 3582 ipso
975 3526 1090 3567 correctus
1111 3517 1240 3567 uidebatur.

118 3595 232 3660 Genera]
256 3601 396 3664 Hucusque
413 3601 567 3650 admirabilis
584 3602 628 3650 ille
643 3602 719 3650 Plinii
736 3602 904 3666 Aesculapius
919 3604 985 3652 liber
1000 3616 1095 3664 magno
1111 3610 1199 3651 nostro
1216 3611 1240 3650 et

115 3683 228 3732 aucturis
240 3685 335 3734 demna
348 3686 462 3736 mutilus.
480 3685 584 3734 Initium
596 3684 697 3734 lucrant
712 3685 771 3734 libri
784 3691 824 3736 20.
837 3702 893 3751 cup.
905 3692 934 3737 17
947 3685 999 3748 [79Ἱ
1013 3683 1072 3746 186]
1090 3687 1168 3734 verbs
1180 3686 1239 3734 ista:

113 3765 199 3830 esiqm
211 3782 266 3816 moa
276 3769 331 3818 uino
348 3767 463 3818 collutum.
483 3767 569 3817 uultum
587 3769 700 3818 iuniorem
715 3778 833 3833 praestet.
852 3771 987 3821 Caeterum
1001 3757 1035 3818 lie
1047 3771 1074 3817 in
1085 3769 1125 3818 his
1138 3770 1239 3831 quidem

113 3853 249 3914 postremis
267 3854 364 3904 otiosus
382 3861 428 3914 est,
450 3855 493 3916 qui
509 3855 614 3903 hebeat:
635 3861 706 3916 atque
723 3853 759 3903 ita
775 3861 895 3917 poteratnt
912 3852 1027 3916 apparuit
1044 3851 1148 3916 pondere
1164 3853 1240 3901 incor-

113 3941 199 3996 ruptus
215 3933 342 3986 uidebatur
359 3945 444 3986 cetera.
467 3939 558 3987 Voluit
575 3953 623 3987 nos
639 3938 734 4000 legere:
756 3947 826 4001 atque
842 3938 877 3986 ita
890 3944 987 4000 postera
1003 3935 1053 3986 luce
1070 3935 1196 4000 apparuit,
1219 3944 1242 3984 et

31 4060 34 4067 .
111 4016 217 4079 pondere
229 4018 281 4082 ipso
293 4027 410 4069 correctus
422 4019 555 4069 videbatur.

151 4102 215 4152 CAP.
231 4104 291 4153 XV.
313 4101 450 4166 [24,102]
477 4101 533 4151 Cum
555 4102 669 4153 theutrum
689 4113 745 4154 arete
767 4105 850 4154 texerit
866 4104 958 4152 Reum
982 4104 1093 4154 Valerius
1113 4103 1239 4167 Ostiensis]

112 4187 197 4236 Acad.
210 4195 235 4236 et
248 4187 315 4238 Gud.
332 4188 447 4238 Oscensis
466 4203 499 4238 ex
510 4189 634 4251 Hispanis
646 4197 714 4254 putu.
734 4191 802 4239 Men.
820 4188 930 4239 Ostensis.
