2760 4734
468 258 576 315 uonna
592 259 635 301 sn
650 260 732 300 usn.
749 260 864 301 xxxvl.
1171 239 1230 302 109

143 413 185 477 [4,
204 410 250 474 36]
268 408 407 475 Dactylidis
424 409 538 474 Pythias,
555 408 718 472 Amphistrati
737 407 915 471 Callisthenem]
938 411 1019 459 Acad.
1036 407 1153 458 detenslus
1165 408 1233 472 plici

106 496 272 562 amphistrati.
295 494 366 544 Men.
379 502 405 543 et
417 493 483 544 Gud.
497 492 615 542 mcertilis
629 492 732 556 pithiam
748 492 858 557 ampliet.
882 494 958 543 Voss.
971 491 1067 542 dercils's
1080 493 1165 557 ppcias
1180 509 1231 541 am-

102 580 229 646 phistrati
240 581 374 630 Fortasse:
387 577 489 642 Dercpli
499 585 592 642 pyctas,
600 576 763 640 Amplistrati
773 575 945 626 Callisthenem.
956 578 1013 627 Lib.
1024 579 1047 639 7,
1062 583 1092 626 12
1111 574 1164 638 Uo,
1175 576 1230 639 bl]:

104 664 274 716 Indubitatum
291 661 419 726 exemplum
437 670 471 710 est
482 661 573 712 Nicaei
587 660 671 710 nobilis
683 670 771 726 pyctae
782 660 901 726 Byzantii
914 661 994 726 qeniti.
1012 663 1124 711 Pintiani
1141 663 1231 719 codex,

105 746 225 813 Dercyles
233 747 329 811 pyciasr
342 749 408 796 unde
421 747 483 810 ipse,
495 744 637 809 Dercylides
645 753 740 810 pyctae.

145 831 186 894 [4,
204 829 250 893 37]
268 827 365 880 Deinde
380 829 503 878 multorum
519 829 637 877 cucumer
649 829 725 891 sama
741 827 786 890 est]
810 830 885 879 Voss.
904 839 929 879 et
944 831 1068 880 Pintiani:
1089 827 1141 878 Nec
1161 827 1233 876 multo

103 917 211 982 plurium
220 915 297 977 sama
309 920 352 974 est,
371 915 424 962 siue
437 910 474 976 τῷ
486 911 612 960 obscurior.
630 912 688 961 Nou
700 913 879 976 multoplures
897 915 931 963 ad
946 913 1042 963 samam
1055 921 1231 976 pervenerunt.

145 999 182 1063 [4,
195 996 240 1060 38]
263 997 376 1048 Omnibus
388 1004 410 1045 et
423 996 532 1060 picturae
544 1003 566 1044 et
577 996 710 1044 stamariae
721 997 782 1044 artis
796 995 992 1061 praeferendam]
1011 998 1103 1047 Parum
1116 998 1231 1046 interest:
1246 1005 1296 1049 843

109 1087 155 1135 sed
169 1093 257 1134 tamen
268 1091 295 1132 et
306 1082 387 1131 Acad.
401 1080 467 1131 Gud.
480 1081 550 1129 Men.
562 1080 638 1129 Voss.
648 1080 848 1144 praeponendum.

145 1167 183 1231 [4,
195 1165 241 1229 40]
261 1166 342 1216 Iovem
352 1165 417 1229 sccii
428 1163 563 1226 eburneum]
582 1164 663 1214 Acad.
677 1164 744 1214 Gud.
756 1166 826 1215 Men.
839 1166 913 1216 Voss.
927 1167 1040 1215 eboreum.

145 1250 233 1315 [Ibid]
253 1248 304 1301 Sed
319 1264 379 1312 quae
394 1248 497 1311 fecerit,
519 1247 657 1296 nominatim
674 1246 849 1311 conrefertur]
872 1250 948 1298 Voss.
966 1249 1061 1298 Fecisse
1080 1265 1153 1312 opera
1172 1266 1233 1299 cam·

106 1338 184 1403 plura
199 1333 301 1384 dicitur:
316 1348 377 1395 quae
386 1331 483 1394 fecerit,
499 1330 636 1379 nominatim
649 1348 694 1380 non
704 1332 796 1395 fertur.
820 1333 901 1383 Acsd.
915 1348 1025 1396 quoque,
1042 1334 1113 1383 Men.
1127 1343 1153 1384 et
1165 1335 1233 1385 Gnd.

123 1429 196 1472 ertur.

102 1424 128 1488 s
148 1506 185 1570 [4‚
198 1503 243 1567 41]
265 1501 335 1553 Citius
347 1518 372 1550 se
384 1517 538 1550 marmoream
550 1500 659 1550 babuisse
671 1500 777 1550 maenam
790 1500 877 1564 tradit]
896 1503 1011 1552 Verbum
1025 1501 1101 1551 tradit
1111 1505 1234 1554 inducunt

10 1569 19 1579 .
113 1601 139 1643 et
148 1592 227 1641 Voss.
238 1589 342 1650 Menap.
355 1580 422 1637 Gud.
434 1586 612 1647 Academicus,
632 1587 725 1650 quippe
738 1590 806 1650 quod
819 1589 900 1637 lateat
910 1587 937 1635 in
949 1584 989 1651 τῷ
999 1587 1145 1651 maqnisscat.

147 1675 212 1726 Gar.
224 1673 271 1722 vl.
290 1669 326 1733 [7,
345 1668 390 1732 48]
408 1670 561 1733 Praefectum
573 1669 701 1733 fabrorum
721 1667 832 1720 Casama
846 1671 871 1720 in
891 1670 982 1722 Gallia.
1002 1669 1086 1734 Neque
1103 1671 1235 1736 indiqnatio

112 1757 155 1821 sit]
173 1759 250 1808 Voss.
263 1752 288 1806 et
298 1756 421 1805 Pintiani:
436 1754 542 1817 fabrum.
560 1756 628 1803 Dein
639 1756 720 1805 Acad.
734 1771 776 1804 nec
792 1755 819 1804 id
834 1754 961 1804 desinimus
978 1755 1107 1818 indiqnari.
1126 1756 1196 1805 Men.
1209 1765 1234 1805 et

112 1844 182 1894 Gud.
198 1855 270 1903 neque
287 1837 316 1888 id
331 1837 458 1886 desinimus
475 1836 600 1900 indiqnati.
619 1839 694 1887 Voss.
711 1854 784 1901 neque
802 1838 829 1886 id
844 1837 965 1902 indiqnati
979 1837 1040 1885 desit
1055 1837 1106 1887 tali.
1134 1839 1233 1889 Scribe:

111 1926 268 1978 Mamurram
281 1922 383 1973 Formiis
395 1929 483 1982 natum,
495 1920 593 1983 equitem
606 1920 749 1982 Romanum,
765 1923 911 1984 praesectam
925 1919 1024 1983 febrim
1040 1920 1066 1971 C.
1082 1920 1193 1971 Caesares
1210 1924 1235 1972 iu

116 2007 254 2062 Galilaeae
265 2005 326 2070 quid
336 2004 461 2070 indiqnari
471 2004 531 2054 desit
544 2003 589 2053 tali
598 2013 694 2053 auctare
705 2004 801 2053 inuenta
809 2021 842 2055 re.
860 2006 916 2055 Lib.
927 2012 968 2065 33,
984 2012 1010 2054 ll
1025 2002 1077 2065 [53,
1090 2002 1162 2066 149]:
1175 2021 1235 2068 quac

112 2101 137 2142 et
151 2093 207 2157 ipm
217 2091 346 2156 (Achaica
362 2086 481 2149 victoria)
497 2088 568 2152 siqua
585 2097 607 2136 et
623 2087 716 2137 tabulas
728 2089 809 2153 pectas
825 2087 925 2149 inuenit,
942 2104 970 2136 nc
986 2088 1046 2151 quid
1062 2087 1156 2139 deesset.
1178 2091 1235 2140 Lib.

113 2183 156 2239 35,
169 2182 199 2227 ll
214 2174 267 2239 [ab
283 2172 355 2235 los]:
368 2173 407 2224 Ne
419 2171 479 2236 quid
489 2171 550 2221 desit
562 2173 673 2236 temporis
684 2173 734 2221 eius
746 2172 874 2234 securitati,
892 2173 963 2221 tibias
976 2181 1061 2222 tenens.
1079 2174 1135 2223 Lib.
1149 2179 1190 2235 36,
1205 2179 1234 2222 15

115 2259 169 2324 [24,
183 2258 254 2323 lil]=
268 2259 316 2309 Bis
333 2256 433 2306 uidimus
448 2258 526 2305 urbem
543 2263 617 2312 totam
634 2256 698 2320 cinqi
714 2256 819 2305 domibus
833 2256 967 2320 principum
983 2255 1038 2306 Caii
1052 2265 1075 2305 et
1086 2256 1197 2318 Neronis,
1215 2267 1237 2306 et

114 2344 184 2395 buius
195 2341 289 2408 quidem
303 2339 343 2402 (ne
356 2341 416 2405 quid
426 2339 525 2403 deesset)
538 2356 619 2389 aurea.
1154 2343 1159 2354 ¹

149 2426 185 2490 [8,
198 2425 243 2489 43]
261 2425 372 2488 Deniqm
384 2425 422 2475 M.
434 2424 542 2488 Lepidus
557 2422 637 2473 Catuli
653 2424 677 2472 in
690 2423 811 2474 consulatu
823 2423 924 2490 colleqa]
944 2427 1060 2487 Qustuor
1076 2430 1237 2479 membranae

115 2512 263 2562 uuoanimo
276 2510 416 2560 excludunt
428 2506 458 2557 τὸ
473 2507 579 2570 denique.
847 2494 852 2500 ’

149 2595 213 2647 Onu.
225 2593 288 2647 VII.
302 2591 355 2655 [11‚
370 2591 414 2655 55]
433 2591 604 2642 Pretiosissimi
615 2590 707 2654 quidem
717 2592 810 2656 pencris
822 2591 1049 2656 Lacedaemonium]
1069 2597 1150 2647 Acad.
1170 2598 1236 2649 Gud,

115 2681 185 2731 Men.
197 2680 274 2731 Voss.
285 2678 379 2743 qeneris
390 2677 460 2725 sicuti
470 2675 691 2726 Lacedaemonium.
710 2678 800 2727 Forte:
818 2678 991 2727 Pretiosissimi
1006 2678 1121 2742 quaedam
1137 2681 1237 2745 qeneris,

115 2765 185 2814 dead
193 2762 416 2813 Lacedaemonium.

151 2845 203 2910 [ll‚
222 2844 266 2909 57]
285 2845 327 2895 Es
339 2847 448 2911 Aeqppte
464 2846 575 2896 Triarius
586 2844 676 2908 Pallio]
696 2847 759 2897 Tres
776 2848 868 2911 quibus
887 2851 989 2910 utimur,
1009 2849 1136 2898 Vitriasius
1152 2848 1238 2898 Pollio.

115 2933 194 2982 Recte
205 2932 283 2995 igitur
293 2932 436 2981 restitutum
455 2929 583 2989 Vulcacius,
601 2938 630 2978 ut
645 2932 721 2993 plane
733 2932 876 2994 Menapios.
895 2932 945 2981 Sed
962 2935 1084 2994 quosdam
1102 2934 1137 2982 sic
1154 2934 1238 2994 legere

116 3017 194 3077 aiunt,
210 3023 239 3064 ut
249 3016 318 3079 apud
329 3015 504 3064 Modestinum
514 3013 536 3062 1.
550 3013 579 3063 O.
592 3014 618 3060 in
630 3014 751 3075 rescripto
764 3014 889 3063 Hadriani
902 3016 936 3062 ad
955 3014 1083 3063 Vitrasiam
1096 3013 1238 3067 Pollionem:

116 3114 204 3150 verum
215 3100 242 3149 id
252 3100 357 3149 minime
374 3101 504 3162 quadrare,
521 3112 579 3147 cum
591 3097 749 3146 Hadrianum
766 3096 851 3146 multis
864 3098 936 3147 anuis
949 3097 1048 3148 Plinius
1064 3101 1237 3149 antecesserit:

111 3198 197 3247 eoque
217 3185 297 3234 alium
312 3183 458 3232 Pollionem
479 3182 556 3231 fuisse
577 3196 708 3230 necessum
728 3195 782 3230 esse
803 3196 881 3244 quam
902 3197 968 3242 cum,
991 3185 1023 3231 ad
1044 3198 1118 3246 quem
1139 3185 1239 3248 scripsit

115 3266 270 3317 Hadrianus.
294 3268 357 3328 Quis
375 3267 489 3315 dubitat?
507 3281 553 3314 nec
565 3265 664 3314 Plinius
676 3264 832 3314 Hadrianum
850 3268 937 3337 moda,
954 3270 997 3317 sed
1015 3276 1041 3316 et
1054 3267 1175 3319 Claudius
1186 3271 1238 3320 Pli-

116 3351 196 3400 nium.
223 3349 274 3409 Qui
291 3353 440 3414 rescriptum
452 3351 576 3400 Hadriani
592 3350 733 3410 advocavit,
751 3349 895 3399 insinuabat
910 3366 962 3399 non
980 3354 1089 3402 eundem
1105 3355 1240 3419 utrobique

116 3421 248 3484 bominem
261 3435 392 3498 appellari,
410 3436 454 3484 sed
473 3432 607 3484 Vitrasiam
619 3442 720 3496 gentem
732 3434 885 3495 Romanam,
903 3444 928 3485 et
939 3437 992 3486 eius
1005 3440 1087 3500 gentis
1100 3453 1240 3502 cognomen

116 3515 248 3566 Pollionem
265 3519 351 3569 inisse.
371 3518 438 3568 Satis
454 3518 531 3581 igitur
548 3520 656 3582 quadrat
672 3520 724 3566 hoc
740 3519 897 3582 rescriptum.
916 3521 1136 3581 Quemadmodum
1155 3522 1239 3579 etiem,

118 3603 187 3664 quod
203 3604 289 3652 scribit
300 3603 352 3651 Dio
364 3603 406 3651 lib.
422 3607 451 3651 58
466 3600 537 3663 [19]:
554 3595 612 3650 Κᾶν
625 3597 712 3665 τούτῳ
726 3597 894 3668 θύητρασίου
907 3598 1054 3660 Πωλίωνος
1069 3604 1118 3652 τοῦ
1134 3606 1184 3667 τῆς
1195 3599 1238 3651 eli·

116 3681 218 3748 pucros
240 3679 373 3751 ἄρχοντος
395 3681 617 3751 τελευτήσαντος,
637 3675 739 3750 Ἰβήρῳ
760 3682 810 3734 τινὶ
834 3681 989 3752 Ιιάισαρείῳ
1006 3683 1107 3752 χρόνον
1129 3683 1187 3735 τινὰ
1208 3685 1238 3734 τὸ

117 3764 202 3826 ἔθνος
218 3766 364 3832 ἐπέτρεψε.
389 3771 439 3819 Hic
456 3773 497 3819 vel
513 3780 584 3835 pater
600 3769 641 3818 vel
658 3784 671 3818 e
688 3777 749 3818 natu
767 3772 905 3820 maioribus
922 3773 1096 3834 proximorum
1113 3771 1161 3820 fuit
1177 3773 1240 3831 eius,

117 3852 190 3901 cuius
205 3854 321 3912 meminit
336 3856 442 3904 Plinius.
460 3855 538 3917 Lapis
554 3855 669 3904 Puteolis
686 3855 711 3902 iu
732 3858 841 3916 quadam
864 3857 933 3915 turri,
956 3857 1024 3918 apud
1041 3855 1176 3905 Gruterum
1194 3856 1239 3906 tol.
1322 3858 1331 3871 ’

120 3941 181 3998 192,
201 3943 239 3988 10.
263 3935 460 3988 DEDICATA.
487 3935 530 3987 VI.
552 3936 601 3986 ID.
623 3937 711 3988 AVG.
738 3938 765 3986 T.
791 3936 970 3989 VITRASIO.
988 3937 1184 3989 POLLIONE.
1202 3938 1238 3989 ΙΙ.

118 4019 158 4070 Μ.
175 4019 446 4071 reumatismo.
474 4022 552 4085 Apud
571 4024 679 4071 eundern
700 4021 745 4071 fol.
768 4028 824 4071 302.
845 4020 1047 4073 VITRASIVS.
1064 4022 1182 4073 POLIO.
1206 4025 1241 4074 Et

125 4104 288 4155 Vitrasianum
302 4106 350 4157 SC.
363 4108 396 4155 D.
411 4109 441 4155 de
453 4108 533 4155 fideic.
547 4106 628 4155 libert.
648 4103 700 4166 [40,
715 4113 737 4166 5,
752 4112 793 4166 30,
806 4103 841 4165 6.]
