2760 4734
510 302 614 344 10111
630 301 673 342 an
688 303 770 343 11111.
786 302 855 342 xxa.
1205 282 1245 343 29

163 452 215 513 [91
231 450 289 512 161]
313 450 439 500 Oculorum
450 450 633 514 inflammationi
644 449 755 512 illinitur]
778 451 828 500 Hie
844 452 927 500 subito
944 451 1028 501 media
1043 451 1137 512 pagina
1154 451 1245 498 sistunt

129 536 268 595 Gudianus,
286 535 385 597 Andeg.
402 538 505 598 Menap.
523 536 621 598 reliquo
639 535 750 584 eiusdem
767 535 865 597 aliquot
879 535 1029 597 paginarum
1045 535 1098 585 sive
1115 533 1243 583 columns·

128 635 192 678 rum,
210 626 238 667 ut
255 627 355 678 vocant,
374 619 456 681 spatio
472 633 560 667 vacuo.
583 619 683 668 Desunt
700 618 794 677 omnia,
812 632 877 681 quae
894 619 955 667 hine
970 619 1149 667 continuantur
1165 632 1244 680 usque

128 704 160 751 ad
172 703 216 751 lib.
230 707 270 750 22.
288 717 342 765 cap.
356 708 396 750 21.
410 708 558 758 extremum,
570 702 618 753 ,ubi
635 708 682 750 est:
701 701 853 765 purpatiorcs
865 698 914 761 (sic
927 703 993 750 enim
1005 702 1083 751 iidem
1094 715 1244 764 11111111-

127 784 279 847 ciores)fieri
287 775 375 848 putant
386 784 410 833 in
423 777 497 832 cibum
510 800 587 832 eorum
600 782 698 846 additis,
707 784 832 847 pecorique
843 801 892 833 esse
904 783 1044 833 utilissimos.

162 868 226 917 Gan.
239 868 341 918 XXIII.
361 867 413 931 [94,
429 866 487 929 165]
511 867 570 917 Flos
585 883 702 930 nunquam
718 884 743 916 se
759 867 844 931 aperit,
861 867 909 917 nisi
923 876 990 916 vento
1005 867 1124 930 spirante.-
1146 865 1207 914 unde
1223 875 1246 913 et

128 968 208 999 nomen
224 950 326 1014 accepit]
349 954 427 1002 Voss.
443 967 561 1014 accepere.
587 952 685 1015 Nempe
702 966 851 1012 anemonae,
869 967 974 1014 quarum
991 953 1022 1000 de
1039 951 1153 1014 pluribus
1170 964 1245 1012 gene-

127 1035 196 1084 ribus
208 1036 309 1084 locutus
322 1043 366 1084 est.

163 1117 215 1179 [94,
232 1116 290 1179 166]
313 1118 387 1182 Mapi
402 1116 496 1166 multum
514 1116 607 1180 quidem
623 1117 654 1166 iis
671 1116 783 1179 tribucre]
807 1118 904 1168 Natant
920 1119 947 1167 in
965 1120 1079 1180 margine
1096 1114 1200 1179 quidum,
1220 1125 1248 1164 ut

128 1209 153 1250 11
170 1203 195 1250 11
213 1203 369 1250 Academico
388 1211 437 1250 est:
464 1203 506 1250 sed
525 1203 667 1251 Vossianus
685 1200 780 1249 muitum
798 1200 920 1263 quiddam.
948 1201 1136 1260 stetinum
1156 1196 1191 1260 [3,
1206 1197 1246 1261 5]:

127 1285 262 1332 immensum
276 1283 388 1346 quiddam
401 1292 423 1331 ct
434 1283 488 1331 binc
498 1299 624 1347 sumpsere.

163 1367 227 1416 Cae.
245 1369 345 1418 XXIX.
364 1366 435 1428 [loa
454 1365 514 1429 175]
542 1366 641 1416 Bibitur
657 1366 682 1415 in
698 1367 839 1430 svanpuria
855 1382 980 1430 renumque
997 1365 1125 1428 doloribus]
1153 1366 1247 1417 chifle-

127 1453 211 1500 tianus
224 1450 315 1498 ansuis
331 1465 378 1512 pro
391 1447 517 1508 doloribus,
533 1451 601 1499 unde
618 1451 720 1512 quidam
737 1448 858 1511 ulceribus,
875 1451 957 1513 inquit
967 1450 1155 1513 Dalecampiua.
1178 1449 1246 1499 Vos·

127 1536 212 1584 sianus
233 1549 335 1595 quoque
356 1533 491 1594 reniumque
513 1532 604 1580 anseris
621 1532 694 1580 tribus
709 1531 836 1582 drucbmcs.
863 1532 990 1594 Coniicio,
1010 1532 1144 1595 reniumque
1159 1531 1245 1580 arania

127 1617 171 1666 Sic
187 1618 230 1665 lib.
244 1623 284 1677 22,
299 1623 328 1666 21
349 1614 402 1676 [29,
417 1613 474 1676 59]:
496 1615 582 1663 Potum
599 1613 627 1662 id
637 1614 707 1677 pellit
719 1615 812 1664 taenias
823 1623 846 1664 et
860 1616 949 1664 renium
961 1632 1055 1665 arenas.
1078 1617 1112 1664 Et
1123 1617 1245 1679 sequenti,

127 1698 219 1762 lapides
230 1699 327 1748 renium.
347 1700 420 1759 Item,
432 1696 574 1759 calculisque
586 1705 609 1744 et
616 1699 699 1746 arenis
707 1697 824 1760 pellendis
836 1707 859 1746 et
869 1699 959 1748 1111111
968 1698 1106 1762 pruritibus.
1119 1700 1175 1749 Lib.
1183 1704 1245 1758 23,ss
1261 1700 1310 1746 tea

129 1781 182 1844 [³6,
202 1782 259 1845 7³]:
284 1781 413 1832 Medentur
434 1781 495 1829 enim
517 1796 631 1829 arenosae
652 1779 744 1830 urinae.
775 1783 831 1833 Lib.
851 1789 941 1844 1111
962 1780 1031 1843 [106,
1047 1780 1106 1842 168]
1124 1779 1246 1828 1111111111

127 1867 220 1914 renibus
235 1882 339 1914 arenam.
362 1865 468 1929 Semper
483 1870 568 1914 autem
584 1866 667 1914 codex
684 1866 796 1928 optimus
813 1865 904 1914 renium
919 1880 966 1928 pro
983 1881 1074 1914 renum:
1097 1866 1247 1927 plerumque
1276 1892 1281 1899 ,

128 1960 154 1999 11
169 1951 222 1998 alii.
244 1949 415 1999 Academicus
434 1962 537 2011 quoque
553 1948 595 1995 hic
611 1947 722 1997 mutilus.
746 1949 887 1999 continuat
903 1950 982 1999 enim:
1004 1947 1114 2011 impositu
1130 1946 1246 1996 1111111-

127 2033 191 2081 ribus
203 2033 289 2081 bibitvr
301 2032 371 2080 etiam
384 2032 408 2079 in
421 2030 512 2079 duritia
523 2028 652 2080 vulvarum.

162 2117 225 2166 Car.
238 2117 339 2167 XXXI.
353 2114 423 2177 [105.
436 2112 495 2176 178]
513 2112 707 2162 Demonstranda
718 2113 830 2176 remedia,
840 2131 885 2163 non
898 2131 993 2172 venena,
1006 2111 1131 2176 tractanti]
1145 2114 1245 2165 Chiflet.

128 2199 290 2249 tractantibus.
314 2192 454 2250 Subscribit
464 2198 618 2247 Vossianus:
637 2198 681 2247 sed
693 2198 770 2248 habet
785 2207 916 2262 praeterea
932 2196 1120 2259 danvomtranda
1138 2207 1166 2248 at
1182 2199 1247 2248 refe·

128 2293 199 2333 ratur
215 2286 246 2332 sd
258 2279 289 2330 rb
303 2281 378 2341 tertio,
395 2284 464 2344 quod
479 2283 561 2329 multo
578 2282 741 2330 commodius.
768 2281 846 2330 Tertio
861 2278 960 2344 (generi
977 2279 1103 2344 strychni)
1113 2280 1182 2344 folia
1193 2289 1247 2329 sunt
1303 2269 1307 2274 ¹

128 2367 208 2428 ocimi,
226 2366 320 2414 minime
336 2364 460 2429 dilipenter
477 2362 658 2412 demonstrando
673 2363 791 2424 remedia,
809 2381 854 2413 non
871 2380 971 2426 venena,
990 2363 1152 2414 tractantibus.
1180 2365 1247 2417 Con-

127 2454 213 2500 firmat
223 2458 359 2513 atrumque
371 2451 436 2498 liber
446 2449 609 2498 Academiae.

164 2532 233 2594 [105,
249 2531 308 2593 119]
332 2532 379 2589 Qui
387 2532 485 2595 parcius
497 2539 669 2595 spoctavmant,
687 2531 795 2581 manicon
807 2531 1010 2597 coquominavcre]
1030 2533 1072 2584 Sic
1083 2534 1246 2593 Hermolaus,

128 2633 187 2666 cum
199 2623 271 2675 11111,
288 2616 446 2678 spectabatur,
463 2615 529 2679 napi
541 2615 738 2679 copnominavcre.
763 2617 875 2666 Pintiani
891 2617 962 2677 liber,
980 2616 1166 2680 inspectabatur3
1184 2619 1247 2681 ipse,

127 2701 170 2764 qui
176 2701 275 2764 parcius
287 2699 312 2747 in
323 2699 353 2748 iis
361 2700 499 2762 peccabant.
519 2701 619 2749 Chiflet.
632 2699 802 2764 importabant,
815 2700 922 2749 manicon
934 2700 1089 2749 nominavere.
1108 2701 1248 2751 Vossianus

127 2784 327 2848 importabantur,
339 2784 509 2834 Academicus
524 2785 701 2847 spectabantur:
720 2794 825 2848 uterque
837 2795 922 2835 autem
934 2793 960 2835 et
971 2783 1079 2832 manicon
1091 2785 1247 2833 nominavere.

127 2871 200 2929 Fuit,
223 2869 325 2932 opinor:
356 2866 405 2924 Qui
420 2866 729 2930 parcius'inscctabantur,
751 2869 857 2917 manicon
878 2868 1033 2918 nominavere.
1063 2869 1124 2918 Tria
1144 2870 1248 2918 nomina

127 2953 220 3001 noxiae
233 2953 267 3000 111
279 2951 373 3001 herbae
384 2952 514 3014 imposita:
538 2951 736 3000 innocentissimos
751 2960 866 3012 auctores,
883 2953 925 3014 qui
942 2951 1064 3000 infamare
1079 2950 1149 2999 111111
1161 2952 1247 2999 volue-

127 3037 186 3095 rint,
203 3044 229 3084 et
246 3042 367 3098 quantum
384 3035 411 3082 in
427 3035 487 3097 ipsis
503 3041 565 3094 erat,
583 3049 677 3094 cavere,
694 3049 726 3083 ne
744 3036 783 3083 cui
801 3042 913 3092 noceret,
930 3049 1033 3082 vocasse
1051 3031 1188 3096 dorycnion:
1207 3032 1250 3094 qui

128 3119 234 3182 nequiter
248 3117 395 3167 occultabant
411 3125 436 3166 et
452 3119 519 3166 virus
535 3119 590 3167 eius
607 3133 640 3166 ex
651 3119 754 3166 nomine
766 3125 855 3166 notum
868 3118 997 3175 nolebant,
1014 3115 1125 3179 erythron
1137 3125 1247 3166 111111-

128 3201 203 3251 rada:
227 3205 269 3266 qui
287 3203 396 3251 mediam
415 3202 493 3250 secuti
510 3202 665 3262 enutriam,
682 3209 779 3250 utnon
796 3207 964 3264 perterrerent
979 3201 1103 3249 vocabulo
1121 3208 1146 3250 11
1163 3209 1248 3250 tamen

128 3289 289 3336 ostenderent
304 3277 413 3335 subesse
426 3286 487 3347 quid
499 3285 612 3348 periculi,
630 3300 673 3335 eos
685 3286 779 3335 dixisse
791 3278 920 3346 blavcndv,
940 3283 1062 3333 insaniam
1080 3284 1181 3346 seilicet,
1196 3300 1248 3334 non

127 3378 284 3436 praesentem
297 3377 414 3430 mortem,
428 3370 481 3418 eius
493 3385 541 3418 usu
553 3372 714 3418 metuendam
727 3369 904 3432 significantes.

164 3452 234 3515 [105,
250 3451 309 3515 180]
332 3452 402 3502 Mira
418 3452 563 3501 innocentiae
579 3451 703 3515 oblivione]
726 3453 908 3517 Dalecampius
924 3452 1030 3513 format,
1048 3453 1110 3502 mira
1127 3453 1248 3502 oblivionis

128 3535 273 3584 innocentia:
294 3535 392 3586 adferre
403 3537 471 3586 enim
484 3536 639 3586 oblivionem
651 3538 690 3598 iis,
703 3538 746 3600 qui
758 3545 927 3601 sumpserunt,
940 3538 985 3586 sed
997 3537 1060 3586 citra
1070 3552 1167 3586 noxum
1179 3537 1247 3584 vale·

127 3621 230 3670 tudinis.
247 3621 390 3681 Pintianas,
407 3621 466 3683 quia
482 3621 620 3670 Parmense
637 3621 767 3684 exemplar
783 3619 914 3670 inducentis
928 3637 974 3686 pro
992 3619 1146 3680 innocentiae,
1163 3621 1247 3668 conie-

128 3714 192 3754 ctat:
209 3703 272 3751 mira
285 3702 398 3752 oblivione
410 3702 441 3752 bi.
459 3703 577 3752 Dooentcs
588 3703 682 3768 quippe.
700 3705 827 3755 Nimirum
844 3707 896 3754 1111
908 3708 939 3755 ab
952 3706 990 3754 Io.
1008 3704 1112 3759 Andreu
1124 3705 1248 3765 usquead

128 3789 273 3849 Gelonium,
292 3789 394 3851 opinor,
411 3788 532 3851 impressa
548 3789 704 3852 exemplaria
720 3789 820 3839 vitiose:
847 3789 936 3837 minore
951 3786 1088 3835 oblivionum
1107 3785 1246 3836 inducentes.

128 3872 179 3922 Sed
197 3880 265 3920 reete
283 3872 395 3934 quisquis
411 3872 467 3932 1111,
488 3871 550 3918 mira
571 3871 684 3920 oblivione
703 3871 857 3923 innocentiae.
880 3887 940 3920 nam
956 3871 1054 3921 Plinius
1070 3871 1097 3919 in
1114 3870 1205 3920 Diocle
1222 3879 1248 3918 et

127 3959 246 4006 Euenore
269 3970 299 4005 aa
319 3955 456 4005 Timaristo
480 3963 582 4005 accusat
604 3954 739 4004 oblivionem
763 3955 919 4016 innocentiae,
944 3956 987 4018 qui
1007 3962 1059 4004 tam
1079 3955 1247 4017 periculosam

128 4041 234 4089 herbum
254 4041 394 4089 laudarint:
421 4041 636 4102 quemadmodum
659 4043 745 4104 paullo
769 4051 828 4091 ante
849 4038 1047 4088 innocentissimos
1066 4039 1179 4099 vocavit,
1204 4038 1247 4099 qui

128 4125 233 4173 nomine
249 4125 306 4187 ipso
322 4124 501 4173 absterruerint
518 4125 550 4172 ab
567 4125 621 4174 eius
636 4140 691 4175 usa.
714 4123 852 4174 Innocentio
868 4124 959 4174 medici
971 4131 1072 4173 estnon
1083 4129 1246 4180 monstrasse,

130 4209 200 4269 quod
220 4208 309 4257 maiori
329 4207 472 4258 1111111111
491 4207 642 4259 adhibeatur
662 4225 739 4272 quam
760 4209 887 4270 toleretur,
908 4216 998 4257 contra
1018 4209 1085 4271 quod
1105 4206 1246 4262 adhibetur,
1327 4274 1331 4285 Ι

1090 4426 1095 4433 -
1172 4364 1331 4458 μ’
