2760 4734
124 279 167 321 xl.
566 273 810 316 PROLEGOMENA.

167 422 305 489 Accedit
326 435 432 489 autem
454 423 506 487 hic
527 420 609 486 liber
631 433 792 504 tamquam
816 417 1077 505 supplementum
1100 421 1257 486 editionis

126 530 331 619 Silligianae,
359 533 450 598 euius
478 530 683 618 potissimum
715 528 869 594 rationem
895 528 1049 594 duximus
1079 541 1113 594 et
1143 532 1180 595 in
1209 531 1256 595 his

125 642 361 731 prolegomenis
390 652 420 707 ct
447 641 481 706 in
509 640 711 706 adnotatione
738 638 841 704 textui
871 637 1025 703 subiecta.
1059 637 1196 724 Atque,
1223 654 1256 704 ut

122 752 300 839 legentium
322 751 421 818 oculis
445 752 642 818 subiceretur
662 751 769 837 imago
785 747 944 834 quaedam
962 747 1005 813 ad
1023 748 1250 832 antiquissimi

125 862 198 927 libri
222 861 373 947 speeiem,
395 871 548 945 quantum
563 883 622 946 per
636 858 912 946 typographorum
925 867 1027 923 artem
1040 857 1115 922 fieri
1129 871 1253 944 posset,

125 994 222 1057 quum
244 970 481 1037 accuratissime
504 993 666 1058 expressa,
688 970 770 1035 hano
791 969 961 1033 editionem
975 967 1195 1053 palimpsesto
1208 970 1252 1035 ita

127 1081 364 1147 assimilandam
387 1080 587 1159 curavimus,
616 1090 653 1144 ut
673 1079 823 1155 formam,
845 1100 1013 1143 numerum
1034 1100 1195 1144 versuum
1216 1101 1251 1144 ac

125 1190 303 1268 literarum,
341 1191 530 1278 compendia
560 1189 741 1266 scribendi,
770 1189 868 1275 sigla,
902 1188 1011 1252 literas
1046 1188 1250 1276 contignatas

126 1311 222 1384 atquo
245 1301 339 1365 etiam
362 1302 498 1367 colorem
521 1299 654 1364 rubrum
675 1298 848 1364 initialium
872 1319 1021 1362 versuum
1042 1319 1075 1382 p.
1100 1300 1152 1363 79.
1179 1299 1248 1365 183.

126 1411 188 1474 229
213 1433 430 1487 servaremus3
459 1422 638 1496 praeterea,
666 1421 702 1472 ut
729 1410 835 1493 quivis
862 1408 976 1472 harum
995 1429 1104 1472 rerum
1125 1409 1249 1494 peritus

128 1517 168 1583 tle
192 1519 311 1585 codicis
333 1531 437 1585 aetate
459 1542 552 1584 suum
574 1519 645 1603 ipse
661 1519 720 1584 sibi
735 1519 839 1584 facere
858 1528 969 1602 posset
986 1516 1154 1598 iudicium,
1178 1519 1248 1606 ipsa

125 1627 302 1714 scripturae
324 1629 510 1716 specimina,
533 1651 573 1693 cx
593 1628 786 1712 quibusdam
807 1627 935 1714 paginis
956 1627 1067 1713 petita,
1089 1627 1126 1692 in
1141 1629 1249 1694 tabula

124 1736 358 1825 lithographiea
378 1739 424 1802 ita
445 1739 676 1827 expressimus,
705 1747 741 1802 ut
767 1737 897 1802 artificis
924 1737 1060 1802 imitatio
1086 1748 1146 1802 aut
1168 1737 1247 1802 nihil

126 1857 182 1911 aut
210 1846 374 1913 minimum
408 1846 449 1912 ab
482 1847 682 1936 autographo
709 1846 888 1912 Veronensi
922 1846 989 1912 sive
1019 1844 1248 1934 San-paulino

126 1954 266 2021 abludat.

168 2063 351 2131 indiscreta
381 2065 535 2132 vocabula
563 2066 799 2152 separavimus,
833 2079 866 2131 at
895 2065 949 2131 ubi
979 2088 1043 2130 una
1071 2067 1246 2152 eademque

126 2175 218 2239 litera
240 2174 272 2238 in
295 2175 356 2239 fine
378 2175 494 2261 prioris
517 2188 548 2241 et
569 2176 660 2241 initio
682 2176 868 2263 posterioris
890 2175 978 2242 vocis
1001 2176 1100 2241 semel
1123 2186 1245 2243 tantum

127 2285 246 2371 scripta
268 2297 316 2349 est
338 2296 369 2350 et
391 2285 433 2348 ad
455 2297 623 2368 utramque
645 2308 755 2350 vocem
776 2285 930 2369 pertinet,
955 2284 1096 2368 syllabae
1121 2285 1247 2373 seiungi

126 2416 189 2457 non
223 2403 408 2479 potuerunt,
439 2415 480 2457 ne
510 2394 623 2457 modus
652 2393 812 2460 scribendi
841 2394 991 2479 antiquus
1018 2394 1246 2459 obliteraretur.

127 2500 343 2568 Exhibuimus
371 2503 478 2585 itaque
513 2503 688 2567 hautemere
721 2526 790 2590 pro.
806 2505 883 2569 boat
909 2516 1021 2569 temere
1053 2527 1085 2589 p.
1111 2506 1171 2582 26,
1194 2506 1245 2580 26,

128 2611 344 2676 balituscandi
363 2633 423 2697 pro
446 2611 562 2675 halitus
584 2616 696 2677 scandi
717 2637 747 2698 p.
771 2613 845 2691 218,
869 2617 899 2678 8.

172 2717 370 2805 Compendia
397 2720 573 2808 scripturae
599 2721 728 2806 punctis
757 2733 908 2786 notantur
935 2722 1025 2787 iuxta
1052 2720 1163 2787 literas
1189 2746 1246 2809 po·

129 2829 215 2905 sitis;
240 2830 296 2895 scd
318 2841 354 2895 ut
377 2841 588 2916 cognoscatur
609 2832 642 2897 iu
663 2831 725 2895 illis
747 2831 826 2896 locis
848 2831 1071 2916 compendium
1087 2831 1246 2898 scribendi

130 2938 312 3026 significari,
334 2963 398 3006 non
413 2940 712 3025 interpunctionem,
729 2941 763 3004 in
779 2941 962 3026 parenthesi
978 2940 1133 3024 syllabam
1149 2943 1246 3008 omis-

130 3071 197 3113 sam
226 3049 423 3129 addidimus,
454 3051 577 3116 etiamsi
605 3051 666 3116 hoo
693 3064 850 3135 punctum
877 3051 911 3113 in
934 3051 1044 3115 codice
1065 3049 1247 3136 neglectum

130 3169 189 3221 est.
217 3156 301 3222 Nam
323 3172 456 3244 puncta,
484 3183 566 3245 quae
589 3170 697 3245 partes
719 3160 870 3224 orationis
893 3160 1113 3246 distinguunt,
1135 3159 1171 3224 in
1193 3182 1246 3225 co·

130 3268 199 3331 dice
223 3268 409 3352 plerumque
431 3268 534 3334 lineae
555 3270 779 3353 imponuntur,
813 3270 900 3353 quod
926 3268 1046 3352 ubique
1073 3269 1248 3337 accuratis·

131 3375 209 3441 sime
232 3377 315 3461 typis
337 3377 498 3461 redditum
520 3391 579 3442 est.
602 3376 708 3442 Locos
730 3401 821 3455 vero,
844 3400 979 3463 quorum
995 3377 1140 3467 singulae
1155 3399 1249 3442 voces

130 3485 181 3550 vel
203 3485 312 3550 literae
333 3486 398 3549 iam
418 3486 484 3573 legi
505 3509 569 3552 non
589 3502 740 3572 possunt,
775 3498 807 3552 et
835 3487 891 3550 ubi
918 3485 1103 3551 membrana
1125 3484 1248 3552 lacunis

128 3594 267 3658 lacerata
288 3605 351 3672 est,
374 3596 503 3681 punctis
524 3595 701 3661 minoribus
722 3596 919 3674 notavimus,
943 3596 1000 3660 sed
1023 3594 1181 3660 eiusmodi
1202 3597 1248 3662 la·

131 3727 231 3769 cunae
253 3704 352 3789 probe
375 3684 612 3790 distinguantur
633 3728 652 3768 a
673 3705 846 3772 maioribus
874 3707 925 3772 vel
950 3704 1127 3771 minoribus
1149 3705 1249 3771 inter·

132 3815 237 3892 vallis,
267 3815 301 3878 in
327 3813 445 3899 quibus
474 3814 524 3879 vel
552 3814 636 3879 linea
664 3826 714 3880 est
742 3816 889 3880 traducta
910 3816 962 3881 vel
983 3814 1070 3880 nulla
1092 3826 1198 3881 exstat
1218 3816 1251 3881 in

133 3923 240 3988 codice
264 3922 432 4010 scriptura,
456 3937 492 3988 ut
515 3925 671 3990 sectiones
694 3937 726 3989 et
748 3923 853 4011 capita
875 3936 1091 3991 secernantur.

138 4007 151 4025 .
175 4031 424 4098 Emendationes
457 4057 554 4121 supra
588 4035 705 4099 lineam
732 4032 868 4119 scriptas
896 4043 928 4099 et
956 4032 1165 4100 correctiones
1195 4057 1252 4100 cx-

133 4153 323 4226 punotarum
346 4144 509 4211 literarum
531 4142 716 4211 vocavimus
737 4143 890 4211 lectiones
911 4144 1032 4230 primae
1047 4154 1080 4209 et
1094 4143 1254 4211 secundae
