2760 4734
500 293 605 335 uonna
621 293 664 335 sn
679 292 763 334 nmn.
778 293 884 334 xxxn.
1212 271 1252 335 69

166 447 230 496 Can.
244 445 304 495 VII.
324 442 376 505 [24‚
391 442 434 504 75]
454 443 599 505 Succnmqae
615 459 710 503 earum,
733 443 774 505 qai
788 442 823 490 ita
840 441 968 506 effluxerit,
985 440 1115 490 admiscent
1131 441 1252 503 lacrimae,

125 544 193 592 qaae
205 544 234 575 es
246 527 304 575 alba
317 528 363 575 vite
375 525 481 588 emanat]
501 527 619 577 Vossiani
633 528 682 577 duo
699 543 823 589 εοοοοοιιις
843 527 933 576 deinde
949 527 1047 587 melior,
1064 523 1194 575 admiscent
1210 527 1255 575 viti

125 610 210 659 salvat
223 609 354 659 lacrimam.
377 611 476 661 Scribe:
492 625 605 672 saccoque
617 625 705 670 earam,
725 610 767 672 qai
778 610 814 659 ito
833 608 961 672 effluxerit,
978 606 1107 657 11111111ιο001
1118 609 1173 658 viles
1184 608 1254 659 albas

127 694 263 752 ίαοκίοιοοι,
276 703 347 756 atque
359 694 394 743 ita
402 693 534 758 palpebras
546 691 677 743 emendant.
697 693 771 754 Quod
785 702 812 743 et
822 694 943 744 Pintiano
956 693 1046 743 visum.

167 777 219 840 [21,
233 775 277 839 te]
295 776 355 825 Item
369 779 461 826 taeniae
473 778 537 827 iscar
547 776 671 839 siccatam]
691 778 734 828 Sic
746 777 900 828 Hermolaus
912 789 958 827 ant
970 776 1077 826 channae
1088 793 1135 842 pro
1149 780 1253 841 vulgato

127 862 206 910 cheni.
224 863 357 912 Reincsius
369 863 431 911 Vnr.
445 864 503 911 lect.
517 868 540 922 9,
556 865 578 911 7.
591 864 710 911 emendat
723 859 812 924 thynni.
830 862 907 919 Vere,
921 868 949 909 nt
962 866 1037 923 puto:
1050 876 1110 911 nam
1120 863 1195 912 Voss.
1205 861 1253 909 the·

127 946 344 995 niioconsiccatam.
370 946 445 1007 Quod
463 955 508 1006 est,
526 945 609 1009 thynni
625 945 690 993 iocus
705 945 824 993 sicoatm.
849 944 890 995 Ita
908 946 975 994 enim
992 945 1060 994 idem
1077 948 1160 995 codex
1179 961 1254 1009 saepe

128 1046 178 1094 pro
190 1029 261 1078 leem.
280 1030 361 1079 Acad.
374 1028 452 1077 chinni
463 1028 527 1076 iscar
537 1027 658 1077 siccatam.
676 1028 757 1076 Acad.
768 1029 837 1077 Men.
850 1036 876 1077 et
885 1027 951 1079 (iud.
963 1026 1034 1076 theni.
1052 1029 1104 1079 Sed
1115 1031 1166 1078 hoc
1177 1039 1253 1079 vento

127 1116 256 1178 proiectus
268 1115 336 1162 idem
346 1114 385 1162 vir
396 1114 585 1173 eruditissimus,
598 1112 760 1161 Illustremus
773 1113 857 1173 etiam,
874 1113 918 1172 ait,
930 1112 1043 1162 Plinium
1059 1116 1090 1163 de
1107 1115 1163 1163 dosi
1175 1114 1253 1162 medi·

129 1200 240 1248 cementi
252 1213 297 1247 sen
309 1199 428 1261 pondere,
447 1197 517 1259 quod
534 1211 587 1245 non
605 1198 636 1245 ab
654 1196 772 1246 omnibus
789 1197 898 1258 intelligi
914 1198 1014 1246 seimus.
1038 1195 1152 1246 Illustrat
1167 1205 1254 1246 autem

128 1284 174 1344 ita,
186 1290 215 1331 nt
226 1279 256 1330 τὸ
269 1282 303 1331 Χ
311 1290 398 1330 notam
410 1281 539 1329 volitasse
547 1275 652 1344 χαλκοῦ
665 1281 717 1328 sive
729 1280 807 1341 aerei,
820 1295 898 1342 quam
910 1280 1002 1330 Graeci
1019 1280 1056 1329 sio
1066 1281 1209 1343 figurarint:
1222 1294 1252 1345 χ,

129 1380 228 1429 proque
240 1381 270 1414 ea
280 1366 386 1414 Latinos
398 1365 508 1413 editores
520 1363 598 1412 Plinii
610 1377 671 1412 suae
682 1363 786 1426 linguae
798 1363 831 1412 X
840 1364 912 1426 quasi
931 1359 1148 1423 λσοῦοναμοῦσαν
1162 1365 1253 1414 substi-

131 1449 222 1498 tuisse:
246 1448 351 1497 chalcos
369 1456 453 1496 antem
472 1461 516 1496 seu
533 1461 622 1495 aereos
639 1454 749 1509 quatuor
764 1449 905 1510 ponderare
921 1448 1025 1497 obolum
1042 1462 1087 1498 seu
1107 1447 1253 1511 scrupulum

130 1533 297 1582 dimidiatum.
324 1531 412 1580 Ieiuno
424 1530 563 1579 admodum
575 1537 601 1578 ot
611 1544 662 1579 non
674 1545 720 1594 pro
732 1531 867 1580 RsInesio:
882 1545 943 1579 nam
960 1533 1053 1581 obolus
1071 1530 1127 1594 (qni
1143 1545 1204 1580 sane
1216 1532 1253 1579 di-

130 1618 249 1666 midiatus
261 1624 300 1665 est
311 1613 436 1679 scripulus,
448 1629 502 1662 non
510 1610 646 1675 scrupulas)
658 1620 715 1662 octo
725 1615 827 1664 chalcos
837 1615 948 1664 Athenis
960 1617 1077 1665 habebat.
1097 1614 1212 1664 Galenus
1221 1617 1253 1665 de

129 1702 220 1764 pond:
234 1691 263 1747 ‘0
274 1695 328 1763 γὰρ
340 1693 445 1758 ὀβολὸς
456 1692 514 1762 ἔχει
526 1685 605 1762 Χη’.
622 1698 718 1748 Paulus
733 1698 872 1760 Aegineta:
885 1689 914 1747 ‘0
930 1696 962 1746 δὲ
980 1694 1085 1760 ὀβολὸς
1095 1696 1206 1762 κεράτια
1218 1691 1253 1762 χ’,

130 1781 161 1831 τὸ
179 1781 211 1831 di
227 1779 351 1846 κεράτιον
366 1776 488 1846 χαλκοῦς
503 1777 554 1829 bric
572 1777 709 1843 δίμοιρον·
731 1778 746 1827 b
763 1777 818 1844 γὰρ
836 1777 942 1842 ὀβολὸς
958 1777 1016 1847 ἔχει
1031 1779 1153 1848 χαλκοῦς
1170 1780 1250 1830 ὀκτώ.

130 1867 276 1930 Cleopatra:
289 1856 410 1926 ’θβολῦς
421 1860 479 1929 ἔχει
492 1861 596 1927 ῦέρμον
610 1855 635 1912 α’
648 1860 741 1928 ἥμισυ,
754 1862 866 1927 κεράτια
878 1856 915 1927 χ’,
928 1862 1051 1930 χαλκοῦς
1067 1856 1102 1930 η’.
1125 1862 1156 1912 τι)
1169 1864 1251 1929 ἡμιω-

128 1945 224 2010 βόλιον
237 1945 295 2014 ἔχει
307 1945 430 2012 κεράτιον
444 1940 469 1995 α’
483 1944 576 2012 ἥμισυ,
590 1943 713 2013 χαλκοῦς
724 1938 758 1995 b‘.
783 1948 870 1998 Alius:
889 1946 904 1996 b
917 1943 1040 2013 χαλκοῦς
1055 1943 1113 2013 ἔχει
1131 1944 1250 2011 ἡμιωβο-

129 2031 190 2082 λίου
207 2030 236 2080 τὸ
254 2029 393 2096 τέταρτον,
410 2027 480 2080 ὥστε
496 2028 563 2086 τοὺς
574 2029 710 2095 τέσσαρας
722 2028 845 2096 χαλκοῦς
861 2025 936 2094 ἄγειν
949 2029 980 2080 τὸ
992 2026 1163 2095 ἡμιοβόλιον.
1182 2034 1253 2083 Haec

131 2116 220 2167 saltem
234 2116 375 2166 communis
387 2124 413 2165 et
425 2117 587 2166 usitatissima
599 2117 675 2165 ratio:
693 2117 740 2165 etsi
756 2116 855 2165 Plinius
871 2118 966 2176 decem,
985 2116 1028 2164 alii
1041 2131 1086 2166 sex
1099 2116 1253 2166 0110100010-

128 2204 227 2250 terdum
239 2201 317 2250 obolo
329 2201 466 2263 assignent.
487 2199 543 2248 Nec
554 2213 615 2248 vero
626 2192 655 2245 X
670 2205 709 2248 est
725 2208 786 2249 nota
798 2199 887 2259 chalci,
904 2201 947 2249 sed
958 2187 999 2262 X.
1026 2201 1131 2248 Poterat
1144 2214 1157 2248 e
1170 2201 1253 2249 Paulo
1289 2201 1292 2205 ’

130 2285 162 2333 ab
174 2286 275 2347 Aegina
291 2299 376 2334 nosse:
393 2277 504 2346 Πρῶτον
517 2279 571 2342 μὲν
589 2278 637 2330 οῦν
650 2279 680 2330 τῦ
695 2282 860 2348 χοτοιχεῖον
873 2278 937 2348 ἔχον
951 2279 1118 2341 ἐπικείμενον
1131 2278 1205 2345 αὐτῷ
1221 2276 1252 2328 τὸ

131 2362 207 2430 ἄλφα
215 2363 336 2435 χαλκοῦν
349 2363 485 2432 σημαίνει.
509 2367 628 2429 Denique
639 2367 716 2415 Plinii
729 2367 845 2427 editores,
859 2369 911 2416 sive
922 2367 1016 2426 Latini,
1035 2380 1098 2427 quos
1110 2365 1153 2414 ille
1165 2365 1252 2428 appel-

130 2455 174 2513 lat,
191 2454 243 2502 sive
255 2452 334 2513 Galli,
351 2452 404 2500 sive
416 2451 544 2511 Germani,
562 2458 685 2499 noverant
702 2451 767 2499 nihil
779 2451 966 2514 exemplaribus
979 2451 1032 2499 eius
1045 2464 1100 2499 osse
1116 2448 1254 2510 vulgarius,

131 2551 208 2599 quam
220 2550 265 2598 per
276 2535 309 2584 X
318 2534 454 2596 significari
466 2534 504 2594 ff,
518 2535 648 2582 denarium
661 2535 702 2582 vel
715 2535 876 2583 drachmam:
895 2543 921 2583 et
933 2536 968 2583 ita
981 2535 1022 2583 hic
1039 2545 1141 2596 qnoque
1149 2529 1254 2595 pondere

130 2619 164 2668 X
172 2623 269 2667 Nesse
280 2619 393 2681 pondera
405 2618 564 2667 donariorum
576 2619 617 2666 vel
630 2618 811 2667 drachmarum
824 2626 941 2681 quatuor.

165 2699 218 2763 [90
232 2698 277 2762 80]
295 2684 445 2750 Fortiaribas
455 2700 582 2749 stornachis
594 2716 623 2749 es
635 2701 685 2749 inre
697 2700 802 2750 edendas
814 2699 901 2763 dabat]
921 2703 1039 2762 Qnatuor
1050 2703 1144 2765 scripti,
1158 2701 1250 2750 meden-

131 2784 182 2834 das.
208 2786 334 2848 Optimus,
347 2783 501 2834 mandendas.
514 2795 543 2835 ut
555 2795 581 2835 et
591 2787 704 2836 Pintiani
718 2789 807 2837 codex.

165 2854 218 2931 [2],
231 2867 275 2930 80]
288 2858 463 2918 Menaenorum
475 2868 535 2917 cinis
546 2885 597 2918 cam
609 2869 684 2919 mellis
701 2870 773 2920 obolis
790 2870 872 2933 teram]
892 2873 988 2923 Omnes
1005 2873 1129 2933 quinque:
1146 2870 1250 2920 Maena-

131 2969 190 3002 ram.
203 2955 241 3002 sic
251 2961 277 3003 et
293 2967 348 3016 cap.
359 2958 374 3002 8
388 2950 497 3014 [91199]
515 2953 660 3002 Μαιαανιιικ
672 2955 751 3003 maria
762 2961 785 3002 et
795 2954 899 3018 capitam
912 2955 976 3015 cinis,
990 2969 1043 3003 non
1053 2954 1154 3004 Ohiflet.
1168 2955 1253 3012 modo,

132 3038 176 3086 sed
189 3037 336 3098 Vossianus,
352 3037 522 3086 Academicus
538 3045 564 3086 et
577 3038 718 3088 Gudianus.
735 3035 887 3100 001),9[01,
903 3035 963 3097 100]
981 3036 1088 3086 Maenas
1104 3035 1184 3084 salsae
1200 3052 1250 3085 cnm

124 3118 187 3182 selle
205 3119 297 3168 taurino
313 3118 389 3168 illitae
401 3118 517 3168 umbilico.
540 3121 575 3170 Et
588 3120 641 3183 [33,
657 3118 717 3182 100]
736 3119 797 3168 cinis
808 3136 837 3168 cs
848 3121 925 3183 capite
937 3135 1082 3171 massoram.

166 3204 231 3254 Can.
241 3202 314 3254 VIII.
329 3202 382 3266 [²⁹⁹
394 3202 439 3266 91]
452 3203 598 3268 Suspiriasis
606 3212 736 3253 castoream
748 3219 799 3252 cnm
812 3203 969 3252 hammoniaci
980 3203 1067 3268 aniana
1075 3204 1191 3268 portione,
1204 3214 1252 3257 etc.

131 3287 254 3336 utilissime
262 3287 372 3351 potatur]
393 3288 510 3349 Quatuor
522 3290 624 3352 scripti:
638 3295 752 3350 castoreo,
769 3298 835 3339 tres:
853 3285 980 3336 utilissima
993 3295 1049 3350 tota,
1062 3289 1164 3353 Andeg.
1176 3288 1252 3339 utilis-

131 3372 194 3420 sima
205 3379 245 3419 ota
257 3370 338 3420 eadem
345 3372 420 3435 patio.
438 3373 603 3436 Praecipuus:
616 3382 731 3436 castoreo,
745 3382 799 3423 tum
809 3371 931 3422 0111001010
937 3380 1004 3437 pota.
1022 3373 1120 3425 Scribe:
1132 3373 1253 3440 Suspirio-

130 3455 164 3503 sis
176 3463 284 3503 castorea
297 3471 349 3504 cnm
361 3455 521 3506 hammoniaci
532 3457 620 3522 cariquc
632 3458 740 3521 portione
752 3473 782 3506 ex
793 3465 860 3506 aceto
871 3455 945 3506 malso
956 3457 1041 3508 ιἰἰακίο
1052 3458 1251 3523 atilhsima‘pam.

166 3540 231 3590 OAP.
248 3541 296 3589 IX.
316 3539 368 3601 [st‚
387 3538 431 3602 99]
454 3539 586 3590 &cameris
602 3541 677 3592 sativi
689 3540 780 3591 radicis
795 3541 872 3591 siccae
890 3540 1039 3605 drachmam]
1062 3544 1138 3594 Voss.
1155 3543 1252 3591 siccare.

130 3625 210 3686 Lego,
222 3624 334 3686 siccatae,
345 3636 374 3674 ut
386 3632 412 3674 et
423 3626 564 3676 Pintianns.

165 3707 230 3758 css.
244 3709 275 3760 X.
290 3707 342 3770 [40‚
359 3707 419 3770 119]
436 3708 542 3758 Prodest
552 3717 574 3758 et
581 3708 652 3772 febri
662 3725 776 3759 ranarum
779 3711 851 3774 fillis
867 3711 938 3773 cinis]
958 3713 1075 3772 Quatnor
1092 3711 1187 3773 scripti:
1200 3711 1252 3773 fel

130 3790 188 3840 lium
200 3791 268 3840 cinis.
287 3792 435 3856 Vosaflhri
445 3793 569 3842 iranaram
578 3792 684 3858 pellium.
702 3795 774 3845 Nihil
786 3797 828 3844 hic
839 3798 919 3846 voluit
930 3798 962 3843 de
974 3794 1046 3856 febri,
1062 3795 1128 3843 nihil
1146 3798 1177 3846 de
1193 3795 1253 3845 felle

130 3890 257 3925 ranarum.
278 3877 359 3939 Lege:
382 3877 520 3926 Prodestet
533 3877 682 3940 fibrinarum
696 3877 794 3942 pellium
812 3880 879 3928 cinis.
903 3878 973 3930 Inlra
992 3876 1120 3940 [49194]
1140 3878 1252 3928 sitriae·

130 3975 183 4008 rum
194 3957 288 4022 pellium
301 3975 352 4008 cnm
362 3961 415 4023 pice
427 3960 520 4024 liquida
532 3963 701 4011 combustarum
713 3962 780 4012 cinis
803 3965 838 4013 Et
849 3964 900 4012 hoc
911 3962 1051 4012 Pintianns.

167 4042 220 4105 [41‚
236 4043 295 4106 120]
313 4043 455 4108 Letarqicos
467 4045 589 4110 conculam
601 4045 671 4094 vituli
681 4046 782 4095 adinum
793 4047 818 4095 in
830 4046 884 4095 vino
899 4043 992 4109 potam]
1011 4049 1052 4096 1111
1065 4046 1140 4097 Ghifl.
1154 4056 1252 4108 notant,

136 4126 279 4178 Teihanicos
295 4137 432 4178 castoream.
460 4132 535 4189 Voss.
557 4130 681 4179 Tctoniccs
697 4130 824 4195 quaqalam
842 4127 912 4178 vitali
927 4128 1028 4178 adiuuat
1048 4146 1077 4178 ec
1098 4129 1152 4179 vinc
1172 4129 1252 4180 iniam.
1266 4142 1315 4186 812

131 4213 213 4274 Lege:
235 4212 360 4262 Telanicos
375 4213 499 4278 consulam
516 4213 586 4263 vitali
601 4212 700 4264 adiumt
716 4230 745 4262 en
761 4214 815 4263 aino
831 4212 930 4264 inlitam.
958 4215 1014 4264 Lib.
1033 4220 1073 4277 28,
1092 4219 1104 4265 7
1125 4212 1177 4276 [63,
1191 4212 1252 4276 124]
