2760 4734
477 288 581 330 uorsa
597 289 640 330 an
654 289 738 331 maa.
753 289 872 330 xxxm.
1195 270 1234 333 ll

113 439 239 504 expressit
249 437 397 487 necessitas:
414 446 447 498 et,
459 438 565 500 perinde
576 447 605 488 ut
615 439 641 488 iu
653 438 791 498 Antiocho,
804 441 893 488 eadem
905 440 1027 502 pecuniae
1039 452 1146 500 summa,
1159 454 1236 502 qnam

111 527 300 586 imperaverant
316 522 384 571 hosti
399 520 496 572 ultimis
511 523 604 573 viribus
620 523 732 583 integris,
751 523 841 572 iisdem
859 524 961 586 perditis
979 529 1100 573 contenta
1116 522 1165 572 init
1182 523 1236 573 Sci·

111 609 197 673 pionis
214 615 240 656 et
254 607 429 656 Romanorum
446 607 525 655 animi
541 607 698 669 magnitudo.
716 606 786 655 Haec
803 613 925 655 sexcenta
941 606 1022 656 millia
1036 607 1236 670 argentipondo

111 694 134 742 si
152 693 329 755 dispensentur
344 691 371 739 in
386 705 467 740 annos
482 691 680 753 quinquaginta,
702 689 809 752 singulis
827 690 900 740 annis
917 690 1036 740 eveniunt
1052 691 1134 740 millia
1150 694 1236 753 pondo

68 774 74 785 '
112 776 261 826 duodecim:
280 776 331 823 hoc
343 780 389 834 est,
405 774 555 836 quadragies
568 781 593 822 et
606 774 760 836 octingenta,
778 775 874 823 talenta
890 776 1007 835 ducenta,
1024 780 1168 824 normarum
1179 788 1236 823 oen·

112 869 168 910 tum
184 859 275 923 viginti
291 857 373 907 millia
389 858 576 920 Philipporum.
602 859 660 908 Hoc
675 858 752 918 igitur
767 857 816 906 fui:
830 872 952 918 annuum,
969 864 995 907 et
1011 858 1111 920 scripsit
1127 858 1237 908 Plinius:

112 944 174 992 siam
188 940 332 1006 Carthagini
351 957 402 989 cum
419 939 557 991 Hannibale
572 940 647 991 vietae
664 925 730 992 iffi
736 939 817 1004 panda
832 956 914 989 annua
929 940 954 989 in
966 939 1140 1004 qunquaginta
1155 956 1237 1001 annos,

113 1024 175 1074 nilil
184 1026 247 1074 auri.
290 1034 303 1047 ·

150 1106 237 1170 [Ibin]
256 1107 309 1158 Nec
321 1116 398 1171 potest
413 1106 492 1157 uideri
505 1108 607 1171 penuria
624 1107 707 1158 mundi
722 1107 751 1158 id
765 1108 862 1158 amisse.
884 1124 940 1157 narn
956 1106 1042 1159 Midas
1059 1115 1082 1155 et
1100 1104 1197 1157 Oroesra
1213 1106 1238 1155 in

113 1188 243 1252 infinitum]
261 1193 338 1242 Voss.
354 1191 382 1240 ia
397 1192 518 1240 asuerum
535 1193 583 1240 iam
600 1191 679 1242 midas
696 1201 719 1241 et
733 1208 826 1241 croesus
843 1191 969 1255 infinitum.
996 1193 1079 1253 Lege:
1096 1189 1149 1241 Nec
1161 1197 1239 1253 potest

113 1272 194 1323 videri
209 1273 313 1337 penum
328 1273 410 1323 mundi
425 1274 453 1325 ia
471 1276 581 1325 evenisse.
608 1276 657 1324 iam
674 1275 761 1326 Midas
776 1284 800 1324 et
818 1274 918 1327 Croesus
939 1275 1056 1336 infinitum
1073 1272 1236 1337 possedeant.

113 1359 197 1408 Acad.
209 1373 320 1420 quoque,
331 1359 401 1408 Men.
414 1366 439 1409 et
450 1360 517 1411 Gud.
529 1358 557 1409 id
567 1360 678 1421 evenisse,
691 1368 716 1410 et
730 1358 828 1410 &cesus
839 1359 966 1422 infinitum.

155 1440 244 1503 [Ibid]
273 1440 396 1490 Talentim
422 1451 500 1492 autem
520 1442 664 1508 Aegyptium
680 1442 761 1507 pondo
780 1442 899 1494 LXXX
917 1440 1012 1506 capere]
1039 1442 1128 1491 Patere
1151 1443 1237 1505 scripti

115 1535 231 1589 quatuor,
244 1528 313 1589 quod
325 1527 445 1577 adversus
457 1526 526 1578 Guil.
538 1528 674 1578 Budaenm
686 1527 844 1578 defendimus
856 1529 883 1576 in
893 1527 1006 1578 Pecunia
1016 1526 1118 1578 Vetere.

150 1606 203 1671 [15,
217 1606 261 1669 52]
280 1606 366 1671 Sisque
378 1609 533 1674 triumphare]
551 1612 629 1661 Voss.
641 1618 713 1674 atque
725 1611 761 1660 ita
773 1609 934 1674 triumphavit.

150 1691 204 1754 [16,
217 1690 261 1754 53]
274 1692 395 1756 Ferasque
406 1695 524 1758 argenteis
536 1696 600 1744 uasis
611 1695 725 1744 inmisere
737 1703 784 1744 urm
793 1695 896 1759 primurn
908 1694 990 1744 ιίιιιιιι.
1002 1692 1065 1743 Mon
1076 1691 1141 1755 quod
1151 1691 1235 1754 etiarn]

115 1777 194 1827 Voss.
205 1777 324 1839 serasque
339 1778 410 1826 etiarn
426 1778 543 1841 arpennis
555 1781 620 1830 emis
635 1779 822 1829 inaessiueretum
835 1778 940 1842 primm
957 1777 1014 1826 nori
1028 1775 1092 1839 quod
1106 1775 1196 1824 aetmm
1213 1775 1237 1822 in

115 1859 255 1923 municipiis.
283 1860 365 1922 Lege:
379 1859 498 1923 sausque
513 1862 585 1909 etiam
601 1863 720 1924 argenteis
735 1861 811 1909 lastis
826 1860 965 1908 incessivere
982 1867 1029 1908 tum
1042 1858 1147 1922 puniunt
1163 1857 1237 1917 narii,

115 1942 180 2004 quad
195 1943 243 1992 iarn
260 1945 324 1992 etin
339 1943 472 2006 municipiis
487 1943 643 1993 aemuhntur.
670 1941 748 1992 Nouii
766 1952 828 2007 puta
843 1944 957 1993 bestiarii
973 1950 998 1992 et
1019 1941 1183 2002 confectores,
1204 1942 1236 1990 de

116 2028 206 2088 quibus
224 2034 249 2076 et
266 2027 397 2077 Observat.
417 2033 443 2086 l,
461 2031 485 2076 8.
503 2027 622 2077 diximus.
650 2027 803 2090 Suspicabar
820 2027 957 2090 aliquando
979 2025 1096 2089 argenteis
1112 2023 1188 2084 rasis,
1208 2030 1238 2072 ut

116 2120 201 2159 tamen
213 2111 395 2172 intelligeretur
406 2108 487 2158 laste.
507 2109 549 2160 Sic
560 2109 707 2158 interradere
718 2118 841 2174 arpentum
858 2117 943 2160 noster
953 2110 998 2159 lib.
1012 2115 1053 2171 38,
1071 2115 1099 2158 11
1112 2106 1165 2170 [t9,
1180 2114 1237 2168 140,

116 2194 160 2242 ubi
175 2195 279 2255 legitur:
295 2192 331 2240 ad
345 2191 483 2241 sustinenda
498 2193 595 2242 obsonia
611 2192 780 2243 interradimus
797 2192 885 2255 laura]
900 2202 925 2243 et
942 2191 1075 2241 interrasile
1091 2208 1175 2241 aarum
1190 2193 1235 2240 lib.

118 2276 269 2340 12,1a[4³,
289 2274 343 2338 94].
365 2278 542 2341 Hispaniensis
557 2278 680 2341 triumphi
698 2277 813 2327 Caesaris
830 2282 967 2339 apparatus
984 2282 1081 2338 arpenta
1097 2273 1168 2324 rasili
1184 2289 1237 2322 con·

114 2361 176 2411 stitit
186 2363 288 2412 Velleio
302 2359 338 2423 [2,
352 2366 392 2422 56,
404 2358 443 2422 2].
461 2361 587 2410 Martialis
599 2360 643 2409 lib.
656 2365 679 2419 8,
694 2365 723 2410 71
738 2357 792 2420 [8]:
809 2358 834 2407 in
850 2356 930 2422 cotyla
945 2373 1004 2406 rasa
1019 2356 1107 2406 seltira
1122 2356 1182 2405 data
1194 2364 1236 2406 est.

114 2443 259 2494 homsiaere
275 2447 372 2495 notavit
388 2453 413 2495 et
428 2445 591 2495 Hermolaus.
620 2444 766 2494 Pintisnus:
782 2443 901 2506 sausque
920 2441 1040 2507 argenteis
1060 2440 1124 2490 uasis
1144 2440 1235 2500 incessi,

115 2544 171 2576 vere
185 2535 232 2574 tum
241 2527 344 2588 mimum
355 2526 443 2575 nonis:
456 2542 533 2588 quem
545 2526 758 2588 elegantissimam
769 2526 905 2575 lectionem
917 2532 998 2576 vocat.

151 2608 205 2669 [16,
219 2607 262 2669 54]
286 2608 363 2656 Unam
382 2607 437 2659 VII
445 2607 524 2672 pando
541 2607 633 2670 tatuit]
653 2608 684 2658 In
701 2610 829 2658 Vossiano
845 2623 898 2658 non
914 2609 1068 2673 conspicitur
1085 2623 1168 2669 anan,
1184 2623 1236 2657 non

114 2692 224 2752 altaarn,
241 2707 294 2741 non
305 2692 375 2741 sicat:
392 2703 431 2743 ost
446 2700 532 2742 autem
549 2692 686 2742 laberetac
698 2691 781 2742 titulis:
800 2693 868 2757 quod
884 2695 1011 2756 posterius
1028 2702 1067 2744 est
1078 2701 1104 2742 et
1115 2693 1142 2742 in
1152 2692 1235 2742 Acad.

58 2829 65 2835 ,
114 2781 185 2831 Men.
203 2777 312 2828 Gudian.
342 2777 439 2827 Scribe:
460 2774 575 2826 Claudius
590 2792 709 2827 morarer
724 2776 786 2838 eius,
806 2793 857 2826 curn
874 2775 903 2825 de
919 2777 1055 2828 Britannia
1071 2775 1235 2843 triumpharet,

117 2863 177 2911 inter
197 2875 296 2909 emanas
314 2874 402 2908 aureas
420 2867 505 2923 septem
521 2859 718 2923 pardaliniam,
740 2876 811 2923 quam
833 2860 966 2910 contnlisset
984 2858 1109 2922 Hapamu
1132 2857 1235 2915 citerior,

116 2961 205 3005 novun,
221 2959 292 3006 quam
307 2942 392 2995 Gallia
402 2950 502 3002 comam,
519 2942 594 2991 titulis
608 2943 732 2993 indicauit.
751 2944 850 3005 Cuique
868 2945 934 2992 enim
952 2955 1063 2992 coronae
1078 2940 1167 2990 titulus
1183 2948 1236 2988 erat

116 3030 241 3093 proprius.
263 3026 349 3077 Tituli:
361 3025 484 3086 indicavit,
497 3027 552 3077 sine
562 3023 602 3089 τῷ
611 3027 679 3085 sieut,
693 3027 768 3075 etiam
779 3026 921 3074 Pintianus.

150 3110 212 3174 [Ib.]
230 3110 266 3161 Et
280 3117 352 3173 quota
365 3124 427 3172 pars
442 3123 472 3156 ea
487 3114 621 3171 apparatus
630 3105 698 3169 fait]
708 3109 780 3157 -Vox
796 3115 929 3171 apparatus
945 3121 998 3157 non
1015 3114 1053 3157 est
1064 3107 1150 3157 Plinii.
1168 3107 1236 3157 Nam

116 3197 180 3246 liber
192 3196 315 3259 optimus:
334 3201 357 3241 et
372 3191 435 3255 quod
450 3207 526 3254 apars
542 3206 571 3238 ea
580 3190 634 3253 suit
650 3205 745 3240 aureae.
764 3188 840 3249 Quali
853 3204 886 3238 ex
897 3190 1024 3252 scriptura
1034 3190 1062 3240 in
1073 3189 1155 3239 aeno.
1166 3191 1236 3239 Men.

117 3279 182 3331 Gud.
200 3278 307 3328 iactum:
328 3284 350 3324 et
370 3290 415 3338 quo
435 3281 569 3337 apparatus
582 3272 639 3334 fuit
657 3288 752 3341 earm.
775 3273 818 3323 Ex
838 3280 945 3335 unaque
965 3273 1047 3343 mixta
1065 3279 1150 3323 ortum
1168 3275 1237 3335 quod

116 3363 194 3424 vulgo
211 3363 330 3422 habetur,
346 3375 404 3409 cum
421 3359 581 3409 scribendum
597 3357 697 3409 imsset:
716 3355 754 3406 Et
773 3364 848 3419 quota
860 3372 922 3419 pars
938 3355 1035 3418 aufuit
1050 3371 1140 3405 aureae
1155 3355 1237 3406 mnus

117 3444 241 3494 ambientis
258 3445 356 3492 artene
379 3443 498 3505 Intellige
514 3456 590 3493 omne
606 3442 632 3490 id
648 3456 752 3501 surum,
770 3456 822 3505 qno
839 3441 958 3505 Pompeii
974 3441 1103 3492 theatrum
1120 3449 1236 3505 opertum

116 3529 205 3578 fueret.
629 3567 632 3570 Α

151 3610 204 3675 [17.
217 3610 261 3673 55]
280 3609 344 3660 Ante
357 3609 439 3659 bellurn
450 3610 567 3660 Punicam
585 3609 679 3658 tertium
694 3607 773 3671 pontio
788 3605 951 3660 COXXVII
961 3606 1068 3672 maenti]
1087 3608 1236 3664 Vossianus,

113 3694 193 3757 ponda
203 3693 284 3746 XVI.
296 3691 428 3745 DOOGX.
443 3694 539 3758 arpenti
551 3691 648 3744 XXIL
660 3691 753 3743 LXX.
765 3700 787 3741 et
803 3693 828 3743 in
844 3700 966 3743 numento
980 3689 1071 3742 LXII.
1084 3687 1236 3739 LXXXV.

120 3776 222 3840 CCCC,
240 3780 265 3829 id
281 3786 332 3839 est,
348 3778 435 3842 pondo
452 3779 562 3828 sedecim
579 3777 660 3826 millia
679 3777 826 3839 octingenta
841 3779 941 3835 decem,
961 3772 1059 3837 argenti
1074 3772 1166 3834 viginti
1185 3773 1236 3821 duo

10 3917 15 3925 ,
117 3863 199 3913 millia
219 3864 388 3926 septuaginta,
409 3870 435 3913 et
455 3863 482 3910 in
501 3868 636 3911 numerato
656 3862 772 3924 nangies
792 3862 831 3911 bis
852 3867 959 3910 centena
974 3858 1105 3919 octoginta
1125 3856 1237 3919 quinque

116 3949 196 3997 millia
208 3948 393 4010 quadringenti.
405 3947 490 3996 Habet
501 3946 609 3995 eundem
621 3960 754 3996 numerum
764 3945 876 3994 Pintiani
889 3945 978 4002 codex,
991 3941 1039 3991 nisi
1049 3942 1117 4003 quod
1126 3936 1235 3989 DOCX.

151 4028 213 4092 [lb.]
232 4029 301 4080 Belli
314 4029 410 4079 socialis
426 4029 493 4078 initio
504 4025 650 4079 DOOOXL
658 4027 699 4079 VI
709 4029 766 4077 auri
779 4025 869 4091 pondo]
888 4027 964 4075 Voss.
982 4023 1036 4073 belli
1053 4021 1148 4072 socialis
1164 4021 1233 4071 initio

117 4113 173 4163 auri
182 4112 262 4164 XVI.
274 4114 341 4164 XX.
354 4111 452 4164 Dede.
465 4112 573 4174 XXX,
590 4114 642 4162 hoc
657 4121 703 4174 est,
720 4113 831 4163 mdsmes
843 4117 950 4161 centena
961 4109 1050 4172 viginti
1061 4107 1144 4157 millia
1155 4107 1236 4156 octin-

117 4206 194 4259 genta
206 4197 316 4260 triginta.
1268 4210 1272 4215 ·
