2760 4734
187 249 227 312 96
675 269 817 311 naonovr

186 419 355 469 vetustissimo
368 419 411 479 sio,
429 418 454 466 in
463 418 543 481 pondo
558 416 628 478 CXI,
641 427 667 468 et
679 417 775 466 denarii
784 418 887 467 verbum
899 418 1017 467 additum
1025 416 1102 468 fuisse
1113 420 1217 471 lectoris
1229 437 1309 474 manu

186 512 212 551 et
231 500 324 556 Cloco
345 502 439 552 deletili
456 503 586 565 scriptum.
615 503 682 553 Satis
702 503 808 551 curiose.
826 504 868 551 iat
887 503 914 550 in
933 503 997 551 meis
1015 504 1116 566 quidem
1135 505 1216 555 tribus
1233 506 1310 558 iuxta

185 588 287 636 invenio
307 586 332 634 in
350 584 430 649 pondo
453 583 519 635 CXI
540 585 592 635 den.
625 589 668 635 sed
693 588 741 635 hos
766 600 849 648 neque
874 586 1059 636 vetustissimos
1083 603 1166 650 neque
1196 593 1309 654 optimos

186 685 276 720 vocare
291 670 381 719 ausim.
406 670 444 719 At
460 671 500 719 cui
518 672 566 720 soli
584 670 671 720 titulus
688 677 793 732 uterque
813 671 942 732 congruit,
963 671 985 720 is
1003 672 1080 733 longe
1101 673 1187 734 aliter,
1213 690 1308 738 nempe

185 753 210 802 in
219 752 299 816 pondo
315 753 357 803 UI
370 754 437 814 XJ,
451 756 560 815 houset,
577 754 602 802 in
615 752 694 816 pondo
710 769 752 801 sec
768 751 880 800 denariis
897 769 964 802 unus.
987 755 1062 813 Puta,
1077 756 1104 803 in
1115 755 1194 807 libras
1207 758 1307 809 obolus.

184 839 252 888 Nam
268 839 384 887 denarius
399 839 477 887 habet
494 852 541 887 sex
556 838 655 887 obolos:
674 840 718 887 sed
736 838 828 886 obolus
840 837 941 886 Atticus
952 839 1071 887 nummus
1083 846 1129 900 est,
1146 854 1199 889 non
1211 842 1307 890 Roma-

185 938 245 985 nus;
262 924 359 973 assibus
375 928 461 971 autem
476 922 517 971 vel
533 924 653 972 sestertiis
670 911 704 970 id‘
713 923 822 984 pretium
839 921 943 970 definire
960 921 1095 971 molestum
1113 931 1168 971 erat
1181 923 1306 985 futurum,

185 1022 263 1070 quum
279 1007 407 1056 sestertius
423 1005 517 1056 iaceret
528 1008 633 1056 obolum
645 1014 671 1054 st
682 1007 814 1056 dimidium
829 1006 891 1067 eius,
910 1005 1000 1055 obolus
1016 1015 1102 1055 autem
1113 1023 1181 1057 asses
1193 1008 1269 1059 binos
1282 1019 1307 1060 st

185 1091 257 1141 binos
269 1092 381 1140 trientes.
403 1090 469 1139 Ideo
483 1092 518 1140 sic
535 1092 606 1154 loqui
616 1091 714 1140 maluit
733 1090 868 1140 Caeterum
880 1090 987 1138 ridenda
998 1091 1115 1140 socordia
1125 1093 1211 1141 nescio
1224 1074 1305 1156 cuius,

185 1175 228 1237 qui
244 1175 360 1224 editionis
373 1173 520 1224 Stoerianae
536 1175 644 1236 margini
657 1174 751 1224 adierit
762 1174 895 1222 Budasum
906 1173 949 1221 hie
959 1174 1011 1236 legi
1023 1174 1089 1222 vella
1102 1173 1126 1222 in
1139 1174 1221 1238 pondo
1232 1177 1265 1226 X
1270 1176 1311 1227 VI

186 1256 287 1306 talentis.
313 1258 437 1307 Nimirum
456 1261 488 1307 ud
506 1259 575 1307 hunc
591 1257 677 1307 looum
688 1259 782 1315 retulit,
801 1272 865 1320 quae
876 1258 994 1307 Budaeus
1006 1257 1084 1306 habet
1095 1260 1128 1307 ad
1139 1261 1217 1309 rerba
1227 1261 1308 1311 Plinii

186 1345 217 1391 de
229 1344 324 1393 Libero
337 1353 408 1406 patre
420 1343 540 1391 Aristidis
555 1337 642 1405 [supra
655 1348 679 1402 4,
692 1346 716 1402 8,
730 1339 784 1402 24].

220 1426 273 1488 [20‚
286 1424 331 1488 38]
354 1424 462 1475 Pretium
474 1426 523 1474 eius
535 1426 560 1473 in
573 1425 645 1473 libras
656 1425 722 1472 aeris
733 1422 847 1487 quinque]
869 1425 947 1475 Voss.
964 1424 989 1473 in
1005 1423 1080 1473 libras
1092 1426 1125 1475 X
1140 1443 1170 1491 Vl,
1185 1430 1229 1491 qui
1245 1440 1306 1480 sunt

185 1511 279 1561 denarii
300 1525 353 1560 sex.
381 1510 446 1560 Gud.
468 1511 536 1559 Men.
557 1510 638 1558 Aead.
657 1508 759 1572 pretium
779 1508 830 1557 eius
850 1508 876 1557 in
896 1507 958 1557 hhra
973 1507 1051 1559 XVI
1063 1506 1086 1558 d.
1112 1519 1142 1559 ut
1162 1520 1187 1561 et
1202 1513 1305 1563 Budaei

185 1597 294 1644 codices.

219 1678 272 1742 [25‚
286 1677 330 1740 43]
357 1677 497 1726 Librarium
512 1678 611 1741 pummi,
631 1678 749 1726 tectorium
763 1675 853 1739 plutino
869 1674 983 1738 admisto]
1009 1678 1085 1728 Voss.
1102 1694 1194 1728 comme.
1221 1681 1304 1744 Lege:

187 1765 260 1815 Omne
275 1772 352 1812 autem
369 1771 525 1811 atramentum
541 1761 588 1810 sole
601 1761 732 1825 perficitur,
753 1761 875 1810 librarium
894 1776 993 1825 punine,
1016 1763 1134 1811 tectorium
1149 1762 1240 1827 plutino
1257 1765 1304 1814 ad-

184 1850 263 1899 mista.
282 1850 331 1898 Hie
342 1849 410 1897 enirn
422 1855 460 1896 est
472 1848 596 1896 ablativus
608 1861 624 1894 a
635 1845 742 1909 pummin

218 1935 282 1984 Car.
294 1932 348 1982 VH
367 1931 418 1993 [33,
437 1928 480 1992 52]
508 1930 624 1981 Publicos
640 1928 746 1992 porticus
766 1927 884 1978 investivit
901 1929 1022 1992 purpura]
1051 1932 1094 1982 Sic
1114 1934 1267 1985 Hermolaus
1289 1951 1303 1985 e

184 2019 271 2068 codice
287 2018 366 2066 veteri
382 2012 441 2076 (nec
457 2016 530 2064 aliter
545 2022 596 2063 tres
613 2012 712 2074 nostri),
729 2028 787 2063 cum
801 2021 866 2063 esset
877 2013 1006 2076 occupavit.
1030 2015 1079 2064 Sed
1092 2016 1135 2066 ille
1147 2019 1223 2068 toties
1235 2020 1303 2082 opti-

183 2117 239 2151 mus
251 2102 367 2150 inventus
379 2100 455 2148 Voss.
470 2097 576 2161 porticus
588 2097 700 2146 ecuravit.
715 2105 777 2160 puto
790 2096 917 2157 decoravit,
929 2107 957 2147 ut
969 2101 1150 2164 sequenti-sap.
1163 2099 1236 2165 ἀίοιια
1249 2101 1303 2152 nea

180 2185 281 2248 picturis
296 2181 466 2232 condecoravit.
488 2182 532 2231 lib.
545 2188 586 2243 36,
600 2186 613 2230 5
633 2179 669 2243 [4,
682 2178 739 2242 38]ι
757 2182 882 2245 Aprippae
897 2181 1031 2230 Pantheum
1050 2181 1170 2232 decoramt
1180 2185 1302 2249 Diopenes

182 2268 340 2318 Atheniensis.

216 2355 280 2404 Car.
298 2354 373 2404 VIII.
393 2351 446 2414 [34,
459 2349 503 2413 54]
531 2348 674 2400 Celebrando
687 2351 789 2414 pictores
804 2367 875 2413 quam
891 2351 1022 2400 statuarios
1032 2351 1149 2414 auctores]
1173 2353 1224 2414 Qui
1240 2365 1302 2405 sunt

181 2441 222 2489 isti
241 2446 349 2486 auctores
368 2435 503 2484 statuarii?
530 2437 606 2485 Voss.
623 2436 752 2483 statuarios
773 2442 851 2483 actore
872 2442 897 2482 ut
917 2434 961 2483 has
977 2435 1131 2498 primumque.
1157 2436 1226 2498 Lege
1243 2439 1301 2487 sine

182 2525 269 2572 dubio:
292 2537 362 2584 quarn
378 2519 508 2568 statuarios
525 2534 554 2567 ac
570 2526 680 2568 toreutas.
704 2519 774 2579 Quos
789 2519 851 2568 alibi
867 2517 997 2567 caelatores
1013 2526 1094 2579 vocat,
1111 2526 1137 2568 et
1148 2528 1227 2570 artem
1239 2514 1300 2570 illo-

181 2622 237 2654 rum
251 2605 382 2654 toreuticen.
401 2621 455 2668 cap.
471 2609 502 2653 10
515 2601 579 2664 [non
590 2611 658 2652 recte
670 2604 789 2652 indicarit
800 2603 893 2652 locum.
916 2604 999 2652 Debet
1010 2618 1076 2653 esse:
1094 2610 1136 2664 34,
1149 2610 1173 2665 8,
1189 2609 1228 2665 19,
1242 2603 1300 2666 54]:

179 2688 315 2752 primusque
339 2696 413 2735 artem
440 2687 563 2735 toreuticen
586 2687 705 2750 aperuisse
725 2695 796 2749 atque
816 2685 988 2734 dernenstrasse
1008 2686 1089 2734 merito
1109 2686 1235 2736 iudicamr.
1266 2689 1300 2738 In

118 2771 166 2816 83³
180 2771 324 2821 auctoribus
339 2770 460 2818 librorum
477 2775 518 2818 33.
536 2777 561 2818 et
577 2775 617 2818 84.
640 2769 820 2829 Menaechmus,
838 2769 880 2832 qui
895 2768 924 2817 de
940 2768 1162 2832 toreutice‘scripsit.
1185 2772 1219 2820 Et
1235 2781 1301 2822 nota

181 2862 318 2904 toreumata.
341 2854 384 2903 Sic
399 2853 503 2911 invenit,
519 2853 555 2901 sic
572 2853 701 2915 expedivit
716 2853 786 2902 hunc
801 2854 888 2902 locum
901 2862 926 2902 et
937 2855 1079 2903 Pintianus:
1098 2855 1141 2905 sed
1153 2851 1184 2902 τὸ
1199 2863 1255 2914 tam,
1272 2858 1300 2905 in

180 2956 230 3005 quo
250 2939 293 2988 ille
314 2939 461 2988 collocando
482 2937 589 2998 laborat,
611 2944 721 3000 quatuor
741 2939 820 2986 nostri
842 2953 893 2987 non
914 2945 1064 3000 agnoscunt.
1090 2939 1124 2988 Et
1140 2948 1207 2989 certe
1221 2941 1300 2990 Plinii

180 3041 251 3075 mens
267 3025 330 3073 illud
346 3023 470 3087 repudiat,
488 3023 704 3085 quemadmodum
720 3019 798 3085 (quae
815 3023 897 3071 altera
912 3023 1025 3071 Pintiani
1042 3023 1187 3072 coniectura
1198 3016 1248 3085 est)
1267 3019 1297 3072 τὸ

180 3125 251 3172 quam
268 3110 335 3157 demi
352 3123 405 3157 non
420 3108 522 3171 patitur.
544 3108 652 3157 Miratur
668 3107 736 3156 euim
753 3105 831 3156 fuisse
842 3107 885 3170 qui
897 3107 1034 3156 scriberent
1048 3107 1148 3156 nobiles
1165 3109 1299 3157 statuarios

179 3203 205 3243 et
220 3202 332 3242 toreutas
348 3193 467 3242 claruisse
483 3191 579 3254 aliquot
592 3191 784 3255 Olympiadibus
800 3199 935 3253 antequam
952 3191 1071 3254 pistores,
1088 3200 1113 3240 et
1125 3192 1173 3241 hos
1185 3192 1300 3254 coepisse

180 3280 282 3325 demum
294 3276 365 3324 nosci
378 3275 529 3338 Olympiade
541 3276 713 3337 nonagesima,
726 3289 805 3334 quum
817 3282 917 3323 constet
927 3274 1037 3323 Phidian
1050 3289 1098 3324 eto.

214 3357 301 3419 [Ibid]
333 3357 489 3420 clypeumque
506 3357 607 3405 Athenis
627 3358 658 3405 ab
679 3372 705 3404 eo
720 3355 818 3419 pictum]
846 3359 928 3406 Acad.
946 3358 1015 3407 Men.
1033 3358 1100 3408 Gud.
1121 3357 1299 3423 Olyrnpiumque

178 3443 257 3491 Iovem
273 3439 374 3487 Athenis
391 3441 422 3487 ab
440 3455 466 3487 eo
479 3441 574 3502 pictum.
598 3442 672 3490 Voss.
693 3438 850 3504 Olppenmquc
867 3441 976 3490 Athenis.
1004 3443 1098 3493 Manus
1114 3445 1223 3492 secunda
1239 3443 1300 3492 tecit

179 3527 336 3591 clypeumque.
362 3524 397 3572 Et
413 3525 455 3571 hio
476 3539 533 3572 meo
551 3525 664 3586 periculo
682 3525 772 3573 scribe:
800 3523 978 3588 Olympiumque
994 3524 1098 3574 Athenis
1113 3527 1143 3575 ab
1159 3525 1298 3588 copiatum.
1350 3538 1356 3548 ·

180 3612 294 3673 Quaeris,
307 3611 363 3672 quis
375 3610 407 3659 sit
419 3610 466 3681 iste
479 3606 616 3672 Olympius?
634 3608 754 3659 Pericles.
773 3609 816 3658 lib.
827 3614 867 3667 34,
878 3616 892 3659 8
904 3607 957 3670 [19,
970 3607 1024 3670 74]ι
1036 3608 1072 3657 Et
1084 3609 1214 3674 Olympium
1228 3609 1299 3658 Peri-

179 3693 235 3742 clem
245 3693 339 3758 dipnum
348 3686 490 3757 coynomine.
506 3691 651 3755 Iterumque
662 3691 780 3755 [19‚81]:
790 3691 893 3741 Periclis
903 3692 1006 3757 Olympii
1013 3692 1112 3742 υσνιιαλα
1120 3691 1221 3754 hicsuit.
1234 3694 1299 3742 Dio·

179 3782 255 3828 dorus
267 3778 366 3827 Siculus
380 3779 423 3827 lib.
436 3784 466 3826 12
477 3775 529 3838 [40.
538 3776 565 3824 ·V
566 3777 599 3824 ol.
607 3777 639 3825 V.
647 3786 675 3841 p.
682 3783 722 3827 83.
733 3780 771 3826 ed.
782 3774 865 3839 Bip.]:
882 3770 971 3825 Ταῦτα
983 3775 1015 3826 δὲ
1025 3774 1130 3842 ῥᾳδίως
1140 3771 1299 3825 συνετέλεσε

178 3859 224 3910 διὰ
241 3860 288 3927 τὴν
306 3857 448 3928 δεινότητα
469 3860 517 3909 τοῦ
534 3855 630 3923 lifou·
652 3851 684 3908 δι’
705 3857 736 3924 ἣν
753 3857 841 3909 αἰτίαν
859 3857 1008 3927 ὠνομάσθη
1027 3851 1178 3920 Ὀλύμπιος.
1206 3861 1249 3909 lib.
1269 3868 1299 3910 ts

181 3940 233 4006 [98'.
246 3946 306 3994 Vol.
318 3946 352 3994 V.
364 3949 390 4008 p.
400 3950 457 3994 420.
468 3947 506 3994 ed.
517 3941 601 4007 Bip.]:
618 3937 752 4007 Περικλῆς
763 3941 778 3991 ὁ
792 3938 1016 4007 deportaverat
1028 3941 1301 4008 προσαγορευθέντος

179 4025 246 4077 κατὰ
258 4027 305 4092 τὴν
319 4024 431 4088 δύναμιν
443 4016 593 4088 ’(λλομπίοόΙ
614 4025 704 4088 [Forte
720 4023 787 4075 κατὰ
805 4025 851 4091 τὴν
864 4027 914 4076 τοῦ
925 4022 1008 4091 λόγου
1020 4023 1133 4087 δύναμιν
1144 4017 1298 4086 Ὀλυμπίου.

179 4113 220 4160 Ex
241 4111 363 4161 Inserend.
384 4127 409 4174 p.
423 4110 494 4174 846.]
525 4113 698 4173 Hermogenes
718 4112 744 4159 in
765 4113 944 4174 partitionibus
966 4109 1002 4173 [7.
1019 4111 1079 4161 Vol.
1098 4111 1147 4160 111.
1167 4125 1192 4173 p.
1209 4114 1250 4158 49.
1272 4110 1299 4158 in

179 4195 265 4245 Rhett.
282 4193 387 4256 Wals.]:
414 4191 473 4244 εἶτα
488 4192 582 4255 μέντοι
603 4192 669 4243 οὐδὲ
691 4192 783 4242 καινά·
811 4191 855 4242 καὶ
873 4191 927 4258 γὰρ
944 4191 988 4242 καὶ
1006 4189 1142 4258 Περικλῆς
1155 4183 1300 4253 Ὀλύμπιος
