2760 4734
677 304 820 347 GBONOVI

563 480 631 545 AD
654 480 772 547 LIBR.
794 480 937 547 XXIX.

220 620 304 683 [Init]
326 621 477 684 Quamquam
488 637 534 668 nou
545 620 646 685 iquorem
655 617 713 682 eim]
731 621 786 672 MS.
798 620 912 671 Neaerae
927 621 1106 673 remediorum
1125 634 1202 690 atque
1214 625 1316 677 multitud

186 706 321 753 instantium
338 722 368 753 ao
380 713 560 769 praeceptorum
574 704 648 767 plura
660 703 690 753 de
701 704 756 768 ipsa
769 700 878 753 utcmndi
892 712 948 753 arte
966 716 1066 771 coquat
1084 707 1179 773 dicere,
1196 726 1315 775 quanq-

185 806 231 837 uou
243 789 339 854 iqucros
350 788 411 838 nulli
420 797 474 837 ante
485 787 544 837 laec
554 787 644 837 Louna
656 804 760 837 sumone
770 786 872 849 condim,
890 804 1038 853 ancepsque
1055 790 1183 842 lubrimcn
1199 809 1245 843 eene
1252 810 1315 843 taen

186 874 286 922 omnium
302 889 426 934 uovorum,
444 880 467 921 et
483 871 565 921 talium
581 872 671 935 utique,
691 880 739 920 tam
755 870 844 921 eterilt‘e
857 872 958 937 qratiae
979 882 1126 939 tantaeque
1144 861 1316 942 dffeutaffln

183 957 318 1021 promendo.
337 959 380 1009 Sic
391 959 532 1008 Vossianus
549 966 574 1007 et
589 958 714 1006 maiorem
730 958 807 1007 etiem
822 964 922 1020 purtem
938 957 1146 1011 chifletianuse
1162 976 1242 1027 neque
1255 962 1317 1013 uite

186 1042 323 1104 legendum
340 1051 385 1091 est.
407 1040 591 1103 Praeceptmum
607 1047 646 1088 est
662 1040 864 1102 anticipatornm,
883 1048 1105 1104 occupatorum
1123 1046 1176 1096 nisi
1192 1046 1262 1097 melis
1272 1060 1317 1111 pe·

187 1134 313 1188 ceptorum.
339 1125 472 1174 Pintiunus
489 1138 522 1172 ex
539 1124 705 1186 apographo:
724 1138 855 1185 ancepsque
869 1138 900 1171 ac
917 1121 1046 1174 lubricum
1064 1144 1122 1177 esee
1137 1146 1218 1179 mun
1233 1128 1317 1179 onnlen

187 1225 299 1257 novarum
313 1207 464 1271 principium.
490 1206 540 1257 sed
556 1208 606 1257 hoc
622 1207 799 1268 condiderunt,
820 1207 932 1269 quinon
948 1207 1153 1274 intelligebant
1173 1210 1205 1263 τι)
1222 1212 1317 1263 niden

186 1308 240 1342 esse
256 1294 299 1341 hic
315 1293 433 1355 positam,
451 1298 479 1340 ut
496 1307 554 1340 cum
567 1290 659 1339 dicitnr
675 1288 787 1339 lubricum
804 1289 936 1340 tomum.
955 1288 992 1340 τὸ
1006 1309 1041 1343 ac
1052 1306 1134 1347 recte
1145 1298 1247 1351 ontulit
1256 1298 1317 1351 Gela·

186 1378 249 1426 nius.
267 1376 357 1439 Neque
369 1376 395 1424 id
407 1376 450 1424 elii
462 1383 573 1438 quotuor
584 1375 665 1423 nostri
677 1380 826 1435 agnoscunt.

221 1458 256 1521 [5‚
270 1458 297 1520 6]
309 1458 511 1520 Discederuntque
527 1474 569 1505 eae
583 1455 692 1506 cellolae:
708 1464 731 1504 et
741 1472 819 1505 omuee
829 1472 871 1506 eae
882 1454 1016 1509 danum
1024 1462 1202 1530 Herophilus]
1217 1466 1318 1529 Qum

185 1543 272 1601 nostri,
285 1540 486 1604 Discederuntque
497 1558 527 1590 ea
537 1540 624 1590 schola.
643 1542 783 1604 Antiquior
793 1539 935 1592 laedacole.
951 1543 1041 1608 Lege:
1056 1547 1266 1613 Βιὶεσᾰσνιιιιιφιι
1275 1548 1316 1599 lac

186 1623 227 1671 diu
239 1623 339 1673 scholae.

220 1707 282 1770 [In]
306 1708 355 1766 Qui
368 1724 429 1771 quae
444 1709 506 1756 inter
522 1709 594 1771 ιἠἰιία
604 1709 712 1772 scripsit]
731 1710 894 1771 Hermolaus,
910 1710 954 1759 eetl
969 1728 1036 1775 quae
1056 1714 1130 1764 inter
1148 1716 1222 1767 inite'a
1236 1718 1318 1781 ccnpffl

186 1790 226 1840 illo
238 1807 291 1839 moe
302 1808 348 1841 rec.
361 1808 377 1840 a
389 1792 438 1840 uita
450 1791 485 1841 ad
494 1809 539 1841 sua
551 1792 646 1856 placita
662 1793 773 1843 mutauit:
790 1802 841 1855 ent,
856 1809 928 1857 ecque
944 1793 1011 1843 inter
1027 1795 1114 1847 initia
1131 1799 1270 1865 adsoespsit,
1284 1798 1318 1851 ulle

185 1891 239 1923 ttiox
255 1892 301 1925 rec.
318 1893 335 1924 a
351 1876 400 1924 vita
414 1893 461 1925 sua
473 1875 567 1941 placita
584 1877 691 1929 mutauit
713 1878 790 1928 Voss.
807 1892 878 1940 ecque
893 1878 955 1926 inter
971 1878 1048 1929 e‘nt'te'ee
1066 1881 1212 1948 adempsit
1226 1884 1264 1935 itti·
1273 1900 1318 1933 net

183 1957 320 2022 procedente
332 1960 391 2008 vitia
401 1969 481 2009 suaet
493 1960 594 2024 placita.
612 1963 648 2011 Ut
663 1961 716 2010 fere
729 1968 755 2010 et
766 1961 866 2011 chiflet
884 1962 977 2011 Portet
993 1962 1115 2014 Auditor
1131 1968 1188 2017 eius
1203 1968 1317 2019 tuente
1355 1970 1360 1981 '

123 2056 172 2101 303
177 2046 238 2107 fuit,
254 2058 325 2105 seque
336 2044 397 2092 inter
408 2043 478 2091 initia
489 2043 618 2107 ademtpa't
629 2043 673 2104 itti,
689 2060 744 2092 mox
759 2042 885 2092 recedentis
895 2060 913 2093 a
923 2044 975 2093 uita
985 2062 1035 2094 etta
1047 2046 1092 2097 ad
1103 2049 1207 2113 placita
1222 2052 1317 2101 nomed.

184 2131 297 2179 Primum
313 2143 367 2177 sese
378 2128 576 2191 Asclepiadeum
589 2127 716 2191 professus
733 2134 784 2190 est3
803 2128 860 2177 dein
872 2128 966 2177 mortni
978 2131 1084 2192 placita
1097 2138 1216 2186 mutavit
1230 2138 1262 2185 nd
1273 2150 1316 2187 ene

185 2213 255 2262 Men.
272 2219 297 2261 et
307 2212 388 2261 Acad.
399 2211 538 2275 subsequi
553 2211 614 2259 iuter
630 2211 707 2259 initio.
731 2211 798 2262 Gud.
816 2220 842 2259 et
858 2212 992 2274 Andeger.
1007 2214 1150 2279 sudaeque
1171 2218 1237 2269 inter
1250 2218 1316 2267 ntea

184 2297 295 2347 Pintiani
307 2299 389 2346 codex
400 2310 502 2359 prorsus
513 2304 542 2344 ιιι
553 2296 706 2345 Vossianus:
718 2296 781 2358 ipse,
791 2292 930 2357 procedente
940 2296 1062 2347 avaritt'a.

220 2378 256 2441 [5,
271 2378 313 2440 10]
337 2379 391 2437 Qua
409 2378 437 2427 de
453 2395 478 2426 re
495 2386 573 2426 exstat
589 2378 661 2426 etiam
679 2378 776 2427 Aminaei
789 2376 893 2428 Senecae
908 2377 1047 2442 stipulatio]
1069 2382 1145 2434 Gud.
1157 2388 1234 2437 Men.
1246 2384 1315 2435 And.

185 2462 330 2527 astipulatio.
348 2465 475 2513 Vossiena
487 2472 513 2511 et
524 2463 624 2525 Andeg.
637 2461 800 2525 adstipulatio.
818 2463 843 2512 id
855 2470 901 2523 est,
913 2463 1063 2513 adfirmatio
1078 2469 1114 2517 de
1126 2457 1198 2521 ces'a

220 2545 281 2608 [lb]
300 2545 401 2595 Animae
416 2546 496 2594 staden
512 2554 605 2594 nanas
622 2544 753 2610 ueqotiari]
772 2547 926 2607 Vossianus,
944 2556 973 2597 ut
989 2548 1232 2619 Enniani-anima
1245 2552 1315 2603 stetin

185 2639 266 2680 aesna
282 2630 405 2693 ucqoaari.
428 2632 510 2692 Lege:
526 2629 580 2679 Nec
591 2628 686 2677 dubium
698 2637 733 2678 est
743 2644 821 2677 omnes
835 2629 893 2678 uittae
901 2630 1000 2692 samam
1017 2632 1133 2683 woitate
1149 2636 1243 2701 aliquia
1252 2652 1314 2687 nte·

181 2721 267 2776 pantes
279 2712 373 2760 animae
382 2713 467 2773 satum
479 2721 573 2761 nostrae
584 2712 709 2775 neqoti'ari.
727 2715 752 2762 id
770 2720 815 2774 eet,
831 2714 998 2776 periclitando
1011 2716 1097 2767 vitum
1110 2730 1237 2771 noemin
1247 2734 1314 2785 petu-

184 2799 253 2846 ninm
270 2809 398 2858 quaerere,
415 2797 548 2845 discrimen
564 2798 664 2845 animae
680 2806 784 2846 nostrae
798 2798 826 2846 iu
841 2798 945 2860 negotio
962 2805 988 2846 et
1003 2810 1121 2860 quaestu
1137 2802 1248 2855 bebere.
1268 2804 1314 2855 Nin'

184 2888 268 2930 temen
280 2880 354 2928 melis
365 2886 461 2941 statum,
479 2880 503 2928 id
516 2888 562 2940 est,
578 2881 697 2929 salutem.
718 2896 779 2929 num
789 2887 867 2928 statue
877 2888 916 2931 est
926 2881 995 2931 sulus
1006 2881 1043 2931 rei
1056 2882 1215 2948 familiaris,
1227 2890 1259 2937 de
1268 2900 1313 2951 quo

184 2980 232 3014 nen
243 2964 361 3013 vocabuli
373 2964 482 3014 diximus
494 2964 527 3012 ed
537 2964 614 3013 Pliuii
627 2965 730 3013 minoris
742 2964 862 3027 epistolas
875 2960 928 3025 [10,
941 2961 996 3024 24].
1013 2966 1050 3013 Et
1061 2974 1142 3029 omre,
1156 2970 1252 3031 πίεται,
1266 2968 1314 3019 sinti

185 3051 315 3112 eleganter
332 3057 371 3098 est
386 3049 483 3097 salvum
500 3063 561 3109 esse,
578 3049 610 3097 dc
627 3063 677 3111 quo
695 3048 728 3096 ad
739 3048 840 3097 Livium
853 3045 889 3109 [4,
901 3054 942 3108 40,
955 3043 992 3108 9].
1016 3047 1121 3101 Verum
1138 3052 1198 3103 hoc
1215 3062 1277 3117 puto
1290 3060 1313 3101 et

184 3140 287 3183 auctore
297 3140 386 3182 nostro
399 3132 581 3194 dignissimum.

218 3214 255 3278 [6,
269 3215 311 3278 13]
331 3215 496 3266 Vulnerarium
508 3232 559 3264 eum
572 3215 669 3264 madunt
677 3214 758 3275 finisse
769 3224 875 3263 uocatum
886 3213 1001 3278 mireque]
1020 3215 1101 3267 chin.
1114 3218 1246 3273 Vossinni
1257 3230 1310 3279 nse,

183 3302 265 3350 Aced.
284 3300 350 3350 Gud.
366 3317 417 3348 eum
427 3300 508 3361 fuisse
523 3299 622 3348 medum
638 3300 751 3361 mireque,
773 3301 827 3348 sine
843 3297 884 3365 τῷ
897 3307 1009 3350 comtum
1036 3299 1091 3351 Sed
1107 3317 1201 3365 neque
1220 3302 1313 3355 nebi

183 3397 265 3444 neque
283 3380 380 3430 tradam
401 3384 442 3431 hic
462 3384 548 3431 locum
565 3385 654 3433 hebet:
676 3386 769 3447 pendet
786 3384 853 3432 enim
870 3384 951 3432 cretio
968 3381 999 3430 ἐκ
1017 3383 1069 3431 τοῦ
1085 3383 1195 3437 conaus
1208 3387 1311 3439 Henine

183 3473 322 3516 auctorest.
348 3467 429 3529 Lege:
453 3465 619 3517 Vubuaarium
635 3483 685 3516 eum
694 3467 774 3531 juisse
790 3483 803 3515 e
818 3484 845 3516 ro
860 3466 961 3526 dictum,
981 3466 1089 3530 maeque
1103 3478 1212 3533 φαιιιῃ
1227 3470 1311 3521 adan-

184 3550 298 3599 tumulus.

217 3633 293 3696 [Cur.
306 3635 327 3683 I.
345 3633 381 3696 [8,
397 3633 439 3700 18]
459 3634 510 3686 Sed
524 3633 633 3684 dommac
646 3652 693 3699 pro
704 3650 766 3683 more
782 3634 887 3684 censura
897 3633 1033 3698 princepum
1049 3636 1243 3701 mammantur]
1261 3638 1311 3688 Vix

182 3726 219 3767 est
230 3721 302 3768 locus
313 3719 340 3767 in
351 3721 436 3770 Plinio
447 3721 519 3779 elius,
531 3721 558 3767 in
570 3733 645 3781 quem
658 3719 691 3766 ab
702 3720 881 3783 interpretibus
893 3726 931 3769 tot
947 3734 987 3768 res
999 3719 1080 3769 mirae
1093 3720 1218 3771 coierint
1241 3720 1311 3785 Secu

180 3806 303 3867 Aqaeens
320 3805 384 3853 haec
400 3807 436 3855 ite
452 3803 624 3868 superioribus
641 3805 730 3852 nectit=
752 3805 808 3854 vult
824 3804 971 3868 significari,
993 3805 1015 3853 si
1032 3805 1164 3857 moriatur
1181 3816 1310 3871 aegrotus,

181 3902 233 3935 non
249 3889 322 3949 argui
340 3889 431 3938 erroris
448 3888 569 3951 culpaeve
587 3888 706 3948 medicos,
724 3890 766 3937 sed
780 3890 858 3950 ulios3
876 3902 930 3937 nou
945 3888 1012 3948 illos,
1029 3888 1075 3938 sed
1087 3889 1139 3938 hos
1157 3892 1310 3949 examinari,

180 3972 249 4020 velut
265 3973 366 4021 soleant
382 3973 477 4020 iudicio
495 3971 636 4034 principum
656 3971 772 4021 decuriae
789 3972 1001 4021 educationibus
1021 3972 1170 4023 examinari
1194 3977 1228 4025 de
1244 3984 1311 4027 mn

180 4054 281 4111 ordinis,
299 4060 342 4101 eut
359 4069 386 4101 re
401 4055 487 4116 aliqua
500 4051 611 4111 militari,
630 4059 655 4099 et
667 4062 796 4115 spectante
808 4057 839 4104 ed
851 4069 912 4103 rem.
931 4054 1025 4103 Omnia
1036 4054 1199 4117 imaginaria
1210 4066 1238 4109 st
1248 4058 1312 4109 nihil

180 4137 212 4183 ad
225 4151 276 4183 rem
289 4137 437 4197 spectantis.
449 4135 563 4185 Medicos
576 4148 633 4182 cum
646 4136 767 4186 iudicibus
780 4138 878 4187 confert
886 4138 992 4197 Plinius,
1001 4144 1124 4199 tunquam
1137 4140 1249 4207 utrique
1258 4140 1312 4193 ints

181 4226 206 4267 ct
221 4217 336 4269 fortunas
352 4219 485 4268 hominum
502 4219 528 4266 in
545 4218 641 4268 ditione
657 4220 775 4281 habeant,
793 4230 819 4271 et
836 4229 932 4285 quanto
948 4220 1044 4271 maiore
1060 4223 1236 4285 providentie
1246 4226 1310 4277 indi-
