2760 4734
187 279 248 342 104
675 292 817 336 caouovr

220 447 273 512 [46,
289 445 348 508 160]
372 444 430 495 Sese
446 442 514 492 multi
521 440 641 504 fictilibus
656 440 727 491 doliis
743 440 813 498 condi
825 437 967 501 maluerunt]
992 437 1067 489 Saliis
1080 456 1113 489 ex
1125 443 1203 491 veteri
1215 444 1305 492 codice

186 534 320 594 legendum
341 531 376 580 ait
396 529 537 583 Salmasius
560 528 592 576 ad
612 527 692 577 Solin.
718 542 743 590 p.
763 530 845 586 1204,
866 535 988 587 tanquam
1000 525 1182 589 Dalecampins
1205 542 1257 576 non
1276 528 1305 576 id

186 616 360 678 praecepisset.
383 614 417 660 Et
432 613 468 660 ita
484 627 545 660 sane
558 611 623 662 Gud.
635 611 717 660 Acad.
729 610 798 660 Men.
822 610 873 660 Sed
888 611 915 660 in
927 610 1055 658 Vossiano
1074 617 1163 659 neutra
1179 625 1231 659 vox
1247 619 1304 660 tun·

186 707 289 762 tumque
305 712 354 744 sese
370 693 438 742 multi
444 693 561 756 fictilibus
576 678 647 742 modi
661 691 800 741 maluerunt.
823 694 858 741 Et
869 707 929 742 sane
940 708 993 741 vox
1005 690 1075 740 doliis
1086 708 1120 742 ex
1131 694 1305 757 superioribus

187 780 244 844 [46,
263 777 323 841 159]
340 787 400 842 post
421 774 451 826 τὸ
467 776 584 839 fictilibus
600 779 706 841 repetita
722 778 827 827 videtur.
854 776 921 826 Nam
938 773 1008 825 condi
1018 775 1136 836 fictilibus
1153 785 1192 828 cst
1208 781 1305 829 dictum

185 872 214 917 ut
222 863 339 926 fictilibus
351 877 455 911 coenare.

220 945 309 1010 [Ibid]
334 947 413 996 Varro
424 944 584 1009 Pythoporieo
596 943 675 1007 modo]
694 946 770 996 Voss.
781 947 850 995 Men.
864 945 930 996 Gud.
942 942 1102 1008 Pytiayodio.
1124 947 1194 1009 Lege
1210 946 1306 1011 Pyrro„

184 1032 252 1097 porio
268 1033 308 1080 vel
324 1029 482 1094 Pytboqoreo.
511 1029 552 1079 Sic
568 1030 636 1093 apud
654 1030 806 1080 Ciceronem
821 1030 915 1092 passim
932 1029 1093 1077 reddiderant
1109 1028 1261 1079 Aristotelieo
1278 1039 1306 1080 et

185 1114 345 1175 Aristotelian,
358 1115 401 1164 ubi
413 1128 481 1165 nunc
493 1128 506 1162 e
518 1113 665 1163 melioribus
677 1115 776 1177 scriptis
789 1119 826 1162 est
836 1103 976 1160 Aristotelio
989 1119 1014 1160 et
1025 1107 1178 1161 Aristotelea.

221 1198 274 1261 [46,
290 1196 348 1258 162]
379 1194 450 1246 Cuius
464 1196 580 1260 euffruqii
594 1195 652 1245 lotio
667 1194 730 1258 erat]
759 1196 825 1246 Gud.
843 1197 912 1245 Men.
929 1196 1010 1245 Acad.
1029 1195 1094 1243 cuius
1103 1195 1226 1260 floqratio
1243 1207 1304 1248 erat.

186 1284 262 1333 Voss.
274 1280 435 1344 cuiusfroqii.
459 1283 540 1342 Lege:
558 1280 597 1328 eui
607 1280 723 1344 suffrayii
733 1279 791 1329 latio
803 1287 862 1328 erat.
885 1279 971 1329 Livius
982 1279 1026 1328 lib.
1040 1286 1055 1328 2
1069 1277 1138 1340 [33]:
1157 1288 1184 1328 ut
1191 1279 1257 1343 plebi
1266 1282 1306 1330 sui

123 1371 172 1416 669
186 1366 339 1430 moqr'strutuc
351 1373 425 1413 esseut
435 1365 589 1425 sacrosancti,
606 1364 689 1427 quibus
705 1362 792 1412 ausilii
807 1362 866 1411 lotio
878 1361 993 1410 adverus
1005 1362 1109 1412 consules
1121 1371 1188 1413 esset.
1207 1364 1306 1424 Quam·

186 1465 262 1512 qnam
276 1450 416 1499 similitudo
429 1449 559 1498 literarum
571 1450 655 1512 potuit
666 1449 781 1498 hausisse
798 1447 930 1511 syllabam,
943 1461 1024 1509 neque
1036 1447 1152 1509 improbo
1163 1445 1305 1510 vulgatum.

220 1529 272 1593 [46,
288 1530 346 1592 166]
372 1530 515 1581 Virilitotem
533 1540 664 1594 amputant,
681 1548 722 1580 uec
737 1530 808 1579 aliter
820 1530 881 1579 citro
890 1529 1024 1593 perniciem,
1042 1529 1113 1580 siM.
1128 1526 1208 1579 Coelio
1219 1528 1306 1578 credu-

185 1613 247 1676 mus]
266 1616 342 1664 Voss.
356 1625 381 1664 et
392 1616 504 1665 Pintiani
522 1613 657 1663 virilitatem
669 1623 801 1677 amputare,
818 1630 858 1663 :ree
869 1613 940 1662 aliter
951 1615 1012 1662 citro
1021 1614 1157 1676 perniciem,
1169 1612 1207 1663 Μ.
1224 1609 1306 1662 Coelio

185 1697 314 1765 aedanus.
351 1698 430 1758 Quasi
453 1700 558 1748 adderet
581 1699 621 1747 vel
647 1699 804 1749 intellectum
824 1699 913 1747 vellet:
940 1698 994 1760 quis
1020 1698 1080 1746 enim
1105 1697 1160 1747 velit
1183 1696 1308 1760 experiri?

185 1784 265 1833 Acad.
280 1797 380 1845 quoque
393 1791 417 1832 et
429 1781 496 1832 Gud.
509 1790 534 1831 et
545 1783 615 1832 Men.
628 1791 713 1832 carent
725 1779 764 1845 τῷ
774 1782 802 1842 si,
815 1784 859 1832 scd
871 1783 967 1831 habent
978 1790 1109 1844 amputant.
1126 1782 1305 1844 Prodigiorum

186 1868 228 1916 hic
244 1866 440 1929 explicationem
459 1873 518 1916 sunt
538 1867 687 1927 commenti,
707 1867 744 1914 M.
762 1865 886 1927 Caelium,
907 1881 985 1929 quum
1006 1882 1086 1916 nouas
1107 1867 1204 1916 tabulas
1220 1864 1305 1925 ferret,

186 1950 330 1999 traduxisse
345 1948 469 1999 nobilium
486 1958 511 1999 et
528 1949 685 2012 locuplctnm
702 1949 792 1998 luxum
809 1957 862 1999 tam
880 1949 954 1999 claris
973 1958 998 1999 et
1014 1951 1153 2000 manifestis
1171 1949 1305 2012 exemplis,

186 2042 260 2082 uteo
276 2033 325 2081 iam
343 2033 430 2082 seculo
447 2033 572 2082 videretur
589 2034 640 2082 suis
658 2033 876 2083 criminationibus
893 2035 1057 2097 proscindere
1074 2034 1307 2083 luxuriosissimum

185 2117 326 2177 Vitellium,
345 2117 388 2180 qui
404 2125 492 2180 postea
507 2118 650 2180 imperavit:
668 2125 802 2180 propterea
818 2118 917 2166 nobiles
930 2117 1018 2167 Caelio
1032 2100 1102 2166 circa
1112 2119 1225 2168 Thurios
1237 2118 1306 2166 victo

187 2198 250 2264 (qua
266 2207 434 2264 metragyrtae
451 2198 608 2261 virilitatem)
627 2199 713 2250 Samia
732 2207 796 2250 testa
816 2201 930 2261 linguam
951 2202 1114 2263 praecidisse,
1137 2202 1227 2251 deinde
1247 2215 1307 2250 enm

186 2285 350 2346 interemisse,
369 2286 438 2347 quod
450 2285 597 2347 exemplum
607 2292 699 2347 postea
710 2285 853 2334 Antonium
864 2285 891 2333 in
904 2285 1044 2347 proscripto
1058 2283 1179 2335 Cicerone
1190 2292 1307 2336 secutum

187 2383 248 2419 csse.
273 2359 415 2433 Ἡράκλεις
430 2363 605 2432 ἀποτρόπαιε,
624 2377 748 2431 quantum
763 2376 801 2418 cet
817 2369 913 2418 erudite
930 2369 1048 2431 ineptirel
1072 2368 1173 2418 Caelius
1189 2369 1216 2417 in
1229 2369 1307 2418 alter-

187 2455 286 2503 catione
302 2455 373 2515 gravi
388 2453 481 2516 probro
499 2452 590 2500 obiecit
601 2452 700 2500 bomini
712 2453 831 2514 temporis
844 2453 956 2502 eiusdem
968 2452 1081 2512 Vitellio,
1094 2453 1236 2501 adversario
1249 2468 1307 2513 suo,

134 2528 139 2536 ’
188 2538 290 2599 dignum
305 2551 367 2598 esse,
377 2536 417 2584 cui
430 2537 518 2598 lingua
530 2539 563 2586 ob
576 2536 778 2586 maledicentiam
789 2536 875 2586 Samia
887 2543 952 2585 testa
963 2537 1155 2599 praecideretur,
1165 2537 1308 2597 immemor,

188 2622 249 2683 quid
265 2622 319 2683 ipse
335 2628 390 2669 tum
411 2622 530 2683 temporis
547 2621 650 2671 faceret.
677 2621 768 2684 Itaque
784 2621 934 2682 legendum:
958 2619 1237 2683 suiquemetipsius
1254 2628 1310 2670 tuno

188 2702 262 2751 eidem
280 2702 373 2752 Vitellio
394 2702 550 2752 nralediceret.
578 2704 629 2753 Sed
647 2703 749 2754 Caelius
770 2705 824 2754 sine
845 2705 922 2754 dubio
943 2704 1038 2766 aliquid
1059 2704 1160 2765 gravius
1178 2712 1203 2754 et
1220 2705 1309 2766 lingua

187 2787 335 2850 morigerari
347 2789 448 2836 solitum
460 2788 595 2837 Vitellium
607 2787 775 2850 significabat.

222 2870 286 2921 Gar.
303 2870 379 2920 XIII.
399 2869 451 2932 [47,
467 2868 526 2932 166]
552 2870 637 2920 Verum
654 2878 677 2918 et
693 2871 767 2935 :psius
780 2878 858 2919 terroe
869 2879 924 2920 sunt
935 2869 987 2920 ulia
997 2871 1128 2936 sequente]
1148 2874 1225 2923 Voss.
1237 2874 1309 2922 Men.

189 2957 255 3007 Gud.
268 2956 348 3005 Acad.
360 2956 483 3006 Pintiani:
502 2953 554 3003 olio
571 2963 706 3006 commenta.
727 2957 814 3016 Forte,
832 2963 954 3004 momentu.
977 2956 1040 3020 Cap.
1058 2958 1175 3019 sequenti
1192 2963 1309 3006 extremo

190 3040 296 3105 [potiusr
311 3047 349 3101 15,
363 3047 403 3100 52,
418 3038 491 3102 190]τ
509 3039 575 3090 Nom
591 3037 626 3088 ud
640 3039 742 3103 reliqum
757 3056 813 3089 usus
829 3039 891 3088 vitoe
907 3040 931 3087 in
949 3039 1018 3088 coriis
1036 3037 1143 3103 lanisque
1156 3037 1311 3103 perficiendis

189 3124 273 3188 quanti
282 3124 314 3172 sit
325 3123 440 3185 momenti,
453 3123 610 3187 aipnpicotum
623 3131 664 3173 est.

223 3207 276 3271 [47,
290 3205 350 3269 167]
378 3208 417 3256 At
438 3207 515 3272 Oropo
532 3205 624 3270 quidem
641 3206 752 3256 Aulidem
769 3205 851 3269 usque]
879 3207 955 3257 Voss.
973 3216 998 3256 et
1014 3208 1096 3256 Acad.
1115 3203 1219 3266 Aulida,
1238 3215 1267 3255 ut
1285 3215 1311 3256 ct

189 3294 309 3344 Plurimi.

224 3376 288 3426 Car.
300 3374 374 3424 XIV.
394 3373 520 3436 [49170]
547 3374 677 3437 Aedificiis
697 3391 743 3423 noa
758 3375 807 3424 uisi
822 3375 893 3424 bimos
907 3373 1022 3439 probant]
1052 3376 1094 3426 Sic
1112 3376 1240 3439 praeclare
1256 3374 1311 3438 sig.

190 3459 317 3514 Gelenius.
335 3458 461 3532 Salmasio
478 3460 512 3506 ad
528 3459 607 3509 Solin.
624 3474 649 3522 p.
665 3463 737 3509 1282.
756 3474 808 3508 ιιοιι
824 3475 886 3509 sana
905 3459 1002 3509 videtur
1017 3461 1120 3520 locutio,
1140 3458 1212 3507 bimos
1224 3456 1313 3506 luteres

183 3545 239 3593 xdici
257 3543 300 3606 qui
317 3550 374 3591 ante
391 3541 520 3590 biennium
538 3542 688 3592 ductisunt:
706 3552 836 3607 praeterea
848 3545 963 3593 damnari
976 3558 1031 3593 eam
1043 3543 1178 3592 lectionem
1196 3556 1213 3590 a
1229 3543 1313 3592 veteri

190 3630 284 3689 codice,
297 3629 324 3677 in
336 3641 387 3690 quo
401 3626 443 3676 sit:
456 3641 513 3688 quos
525 3623 643 3687 aurificiis
655 3621 700 3676 noir
709 3624 807 3676 idoneos
815 3627 931 3691 probant:
947 3629 1016 3689 quod
1029 3627 1106 3675 etiam
1117 3640 1170 3677 non
1183 3625 1312 3682 sincerum

190 3721 214 3762 et
231 3713 275 3761 vix
290 3712 418 3772 Latinum,
435 3710 544 3772 denique
562 3711 696 3772 coniectat,
714 3727 771 3774 quos
791 3727 808 3758 o
825 3709 914 3758 biennio
932 3711 1041 3772 probunt.
1068 3709 1195 3759 Nimirum
1215 3722 1314 3758 nomen

190 3797 281 3847 veteris
299 3797 392 3845 codicis
408 3796 490 3844 virum
502 3794 608 3857 decepit,
626 3809 705 3857 quum
721 3795 756 3844 sic
774 3795 914 3844 exhibeant
930 3802 956 3844 et
968 3793 1035 3844 Gud.
1048 3796 1116 3844 Men.
1128 3794 1313 3844 Academicus-

191 3895 248 3942 que,
264 3881 316 3928 hoc
328 3888 373 3940 cst,
390 3881 495 3942 peiores.
519 3881 556 3928 At
567 3879 720 3928 Vossianus:
738 3877 821 3927 rimosi
820 3877 891 3943 fiunt
901 3876 1017 3938 aedificiis
1029 3893 1075 3925 non
1087 3877 1110 3925 si
1120 3877 1192 3926 bimos
1202 3878 1313 3939 probunt.

191 3964 233 4014 Sic
244 3978 356 4027 prorsus,
372 3965 397 4013 in
416 3979 466 4027 qno
482 3965 572 4013 vitium
588 3964 639 4011 boc
651 3978 738 4022 uuum,
760 3964 828 4026 quod
840 3978 885 4010 :ron
896 3961 973 4026 cipro
986 3979 1032 4011 noa
1044 3962 1093 4011 uisi
1103 3962 1226 4014 festinans
1236 3961 1314 4011 libra·

190 4049 241 4096 rius
258 4048 371 4097 subiecit.
394 4050 428 4098 Et
444 4049 495 4097 hoc
512 4064 563 4099 non
575 4049 651 4097 modo
663 4063 753 4096 sanum
766 4055 792 4097 et
802 4047 930 4108 Latinum,
944 4049 987 4098 sed
999 4049 1076 4098 ctiam
1087 4048 1173 4098 Plinio
1184 4046 1313 4110 frequens.

190 4130 233 4178 lib.
248 4136 287 4190 13,
302 4137 333 4180 12
351 4129 447 4195 [potius
461 4139 500 4193 la,
513 4138 537 4194 8,
551 4140 574 4194 4,
587 4129 631 4194 96]
649 4132 680 4181 de
696 4131 788 4195 palmis
805 4132 945 4182 arboribus:
964 4130 1032 4195 Ergo
1045 4130 1174 4195 plantaria
1190 4130 1316 4180 instituam

191 4211 361 4278 anniculasque
373 4216 519 4282 uousfiruut
530 4225 553 4266 et
564 4214 680 4268 interdum
694 4216 776 4269 bimus.
794 4217 838 4267 lib.
854 4223 893 4280 16,
906 4221 939 4268 24
952 4214 1089 4280 [54,195]:
1102 4216 1188 4268 &meu
1199 4215 1313 4281 optimum
