2760 4734
463 304 568 346 uorsa
583 306 628 346 un
642 305 725 347 nunu.
740 306 845 346 xxxv.
1120 322 1127 339 .
1154 287 1215 351 105

92 453 235 514 anniculum,
254 453 337 503 διίιιιιιιι
354 451 462 513 deterius,
481 453 574 502 trinum
588 455 722 517 pessimum,
738 453 803 503 ultra
814 453 900 503 sterile.
922 456 965 505 lib.
978 461 1019 515 66,
1033 462 1066 506 23
1083 453 1137 518 [su
1154 455 1214 517 176]

92 539 147 590 calu
165 539 245 589 ιηἰιιο.
269 537 489 588 Sicnuceslimus
505 536 669 586 stannicular
685 535 917 602 Ostocep.17[2]
936 539 968 589 de
979 555 1007 588 re
1019 549 1079 590 rust.
1091 541 1215 591 Horatius

95 621 169 686 [Oti]
184 630 207 683 1,
222 627 254 671 tu
267 619 338 683 [14]:
358 621 484 682 Velenus,
496 622 573 684 pueri,
584 622 671 684 ponite,
684 621 807 685 thuraque,
819 622 889 672 Bimt'
898 638 948 671 curn
959 631 1046 686 patera
1057 624 1121 672 rneri.
1140 625 1217 675 Adde

94 722 159 772 quae
175 709 208 756 ud
225 705 270 755 lib.
288 709 329 765 et,
348 711 363 755 8
382 703 478 769 [potius
491 712 532 765 76,
544 711 568 766 8,
586 713 627 767 88,
640 704 685 767 61]
702 707 854 756 notavimus.
877 707 987 756 Pintisni
1006 710 1088 757 codex
1105 714 1216 772 qnoque,

93 789 244 839 nomnium:
262 790 330 838 unde
341 789 384 838 ille
397 789 540 838 recusimus.

124 871 217 937 [Ihm]
244 871 308 931 mn
328 880 351 922 et
370 872 476 922 intritam
497 873 573 936 ipsam
594 872 684 936 eorum]
709 875 827 924 Totidem
848 875 975 938 apicibus,
997 890 1049 924 nan
1071 875 1141 939 plus,
1164 892 1216 926 non

93 960 184 1018 minus,
196 957 353 1017 Vossiunnm
367 971 421 1005 non
433 955 539 1004 intritam
553 964 649 1017 terram,
662 966 692 1007 ιιι
702 967 812 1021 nugetur
824 958 867 1008 ills
880 960 971 1020 codex,
983 960 1025 1007 eui
1037 961 1216 1010 sublinendum

93 1042 186 1093 ibidem
204 1056 233 1090 os
250 1041 365 1104 praebuit
382 1039 527 1090 Salmasius.
549 1042 593 1091 lib.
606 1047 648 1101 66,
659 1048 691 1091 2³
709 1039 851 1103 [65,176]ι
875 1040 964 1090 intrita
979 1058 1071 1105 quoque
1087 1058 1133 1105 quo
1151 1051 1215 1092 retu-

93 1125 159 1183 stior.
171 1140 198 1172 eo
209 1122 297 1172 neum.
315 1124 353 1173 A:
365 1139 428 1172 mox
439 1122 534 1188 Lydian
546 1141 592 1188 quo
603 1125 691 1173 utimur
708 1134 733 1175 et
749 1124 864 1174 Maxilua
881 1123 934 1187 [49,
951 1123 1010 1188 171]
1027 1141 1131 1190 prorsus
1149 1128 1215 1191 opti·

94 1224 150 1259 mee
160 1207 332 1268 membranae,
344 1213 373 1256 ut
385 1207 532 1258 Salmasius.

127 1289 181 1354 [49,
196 1289 256 1353 177]
282 1289 341 1339 Ideo
360 1298 384 1339 et
402 1291 427 1339 in
445 1290 543 1355 publiea
562 1309 635 1355 opera
656 1301 679 1341 et
694 1292 774 1357 repias
789 1292 869 1342 domos
884 1291 1012 1343 adduntur.
1037 1293 1079 1345 Sic
1094 1293 1213 1358 suusne]

93 1374 174 1423 Asea
186 1373 257 1423 Mun.
270 1372 336 1423 Gna.
350 1372 401 1422 ideo
413 1382 435 1422 et
443 1373 542 1438 publiea
554 1391 627 1439 opera
638 1383 661 1424 et
671 1376 750 1440 reyias
762 1375 842 1425 damas
853 1385 990 1425 exstruxere
1001 1394 1091 1426 :nurum
1103 1376 1214 1428 Atltenie.

93 1458 168 1507 Voss.
189 1455 219 1505 de
237 1473 265 1505 ea
285 1464 307 1504 et
325 1455 424 1520 publiea
443 1475 516 1522 opera
532 1468 555 1508 et
570 1460 649 1523 reptas
666 1458 747 1508 darnae
763 1469 870 1509 struerers
885 1477 976 1510 :nurum
992 1460 1101 1523 Alienis,
1122 1461 1165 1525 qui
1181 1459 1217 1509 aci

93 1548 191 1590 uanum
206 1541 343 1605 Hymettum
358 1551 463 1605 spectat:
480 1542 567 1592 Patris
581 1542 653 1592 aedes
668 1542 733 1592 Iouis
748 1552 771 1592 et
781 1543 901 1595 Herculis.
924 1545 1006 1595 Acca.
1019 1561 1129 1609 qnoque,
1142 1549 1213 1596 Men.

93 1624 160 1675 Gnd.
176 1632 267 1688 spectat
282 1625 366 1674 martir
382 1625 443 1676 edes.
472 1627 601 1691 Numquid
623 1625 653 1675 de
668 1644 706 1688 eo,
724 1628 777 1678 scil.
794 1629 885 1689 latore,
907 1642 941 1678 sn
958 1629 1048 1679 Latere
1062 1638 1086 1678 et
1098 1629 1213 1693 publicai

93 1710 160 1761 llam
176 1725 242 1773 quae
258 1711 437 1773 interposuere,
455 1712 488 1772 in,
506 1711 636 1772 adduntur,
653 1711 687 1760 sie
698 1721 724 1761 et
735 1713 827 1762 iterum
838 1713 880 1773 sic,
892 1729 908 1762 s
920 1714 988 1763 mula
998 1730 1074 1764 muna
1087 1723 1153 1764 sunt.
1173 1715 1214 1765 Sic

93 1803 119 1843 ut
133 1794 247 1843 Pintisni
264 1795 356 1854 codex,
373 1796 421 1844 nisi
438 1797 507 1859 quod
525 1804 660 1847 exstruxere
676 1795 711 1843 sie
727 1812 825 1846 murum
848 1798 980 1845 Vitruvius
991 1798 1009 1846 l.
1022 1805 1045 1857 2,
1059 1804 1082 1847 8.
1101 1797 1141 1846 De
1153 1798 1212 1846 late-

94 1875 157 1926 ritiis
172 1893 236 1936 uero,
258 1875 381 1926 damnata
397 1877 432 1926 ad
445 1878 638 1942 perpendiculum
654 1880 702 1926 sint
717 1886 814 1939 stantes,
836 1877 896 1926 nihil
911 1877 1046 1927 deducitur:
1067 1877 1111 1926 sed
1129 1881 1215 1943 quanti

90 1960 183 2023 suerint
193 1959 248 2010 olim
253 1961 329 2024 facti,
345 1978 436 2024 semper
447 1962 608 2013 aestimantur.
632 1961 719 2026 Itaque
730 1960 848 2011 nonnullis
860 1962 991 2011 civitatibus
1003 1970 1025 2010 et
1034 1961 1129 2026 publicu
1141 1979 1214 2027 opera

93 2051 115 2091 et
128 2043 238 2107 priuata:
253 2043 341 2105 domos,
359 2045 429 2093 etiam
446 2047 532 2111 repias,
549 2064 561 2096 e
578 2048 651 2096 latere
666 2054 770 2094 structas
783 2044 837 2095 licet
848 2045 935 2096 uidere.
957 2045 993 2094 Et
1002 2045 1103 2110 primurn
1115 2044 1215 2095 Alienis

93 2143 190 2189 munau,
210 2128 253 2192 qui
271 2137 361 2192 spectat
380 2129 416 2178 ad
430 2131 565 2195 Hymettum
582 2139 680 2180 montem
696 2139 720 2179 et
734 2130 902 2181 Pentelensem.
930 2131 991 2181 Item
1005 2130 1100 2194 pariter
1114 2129 1140 2177 in
1156 2127 1215 2178 aede

93 2210 157 2261 Iouis
168 2221 191 2262 et
199 2212 313 2263 Herculis
324 2211 442 2262 lateritiae
454 2214 536 2264 cellas.
554 2217 604 2265 Ubi
615 2216 750 2278 legendum
764 2230 797 2264 cx
808 2198 904 2264 Plinio:
922 2214 982 2263 Item
994 2213 1084 2263 Patris.

128 2293 181 2358 [46,
195 2295 255 2358 178]
277 2296 348 2354 Quod
362 2314 420 2360 opus
436 2315 487 2346 cum
502 2315 587 2362 perse
603 2300 687 2348 :nuum
703 2306 770 2359 esset,
789 2295 941 2360 translatum]
967 2298 1040 2348 Voss.
1057 2297 1180 2346 Muraena
1192 2304 1215 2343 et

101 2380 186 2431 Varro.
208 2379 264 2431 Cum
277 2397 335 2445 opus
345 2398 424 2445 perse
436 2383 519 2432 mirum
532 2391 597 2444 esset,
611 2381 732 2444 tralatum,
745 2391 793 2432 eta.

127 2464 192 2516 Gur.
204 2466 265 2516 XV.
279 2462 332 2527 [tu
346 2464 406 2527 174]
429 2466 460 2515 In
479 2475 556 2515 terrae
568 2475 645 2516 autem
657 2466 756 2530 reliquis
766 2465 901 2530 yeneribus]
926 2466 1006 2516 Acad.
1018 2468 1087 2516 Men.
1100 2465 1167 2516 Gna.
1184 2463 1214 2513 In
1228 2477 1278 2521 840

95 2555 174 2596 terrum
188 2555 267 2597 autem
282 2550 403 2612 penuiius
419 2549 544 2599 secundum
560 2550 667 2615 repiones
682 2549 720 2600 uel
736 2550 844 2600 manime.
867 2551 1011 2613 Utrumque
1027 2551 1149 2599 novitium
1168 2557 1213 2600 ast.

94 2633 173 2682 Voss.
190 2629 223 2681 In
243 2639 322 2681 terroe
340 2642 417 2683 autem
438 2635 542 2698 repinnis
559 2636 687 2698 peneribus.
715 2634 853 2697 Significat,
871 2636 974 2698 opinor:
993 2633 1024 2682 In
1042 2642 1119 2682 terrae
1136 2641 1213 2682 autern

94 2714 212 2765 interiore&
220 2717 345 2780 peceribus
355 2717 393 2767 uel
403 2720 504 2769 maxime
515 2719 579 2768 mira
591 2727 680 2767 nutura
690 2726 726 2767 est
736 2717 862 2782 sulphuris.

129 2797 217 2862 [Ibin]
238 2797 340 2849 Collibus
357 2802 399 2864 qui
408 2810 521 2851 uocantur
531 2801 673 2867 Leucopaet'.
701 2802 772 2861 Quod
787 2809 822 2850 est
836 2800 960 2865 cuniculis]
984 2804 1059 2854 Voss.
1076 2802 1215 2867 Leucopeli-

95 2884 153 2948 lyae
167 2882 288 2934 cuniculis.
317 2885 417 2935 Scribe:
440 2884 536 2935 collibus
556 2888 599 2950 qui
617 2895 730 2935 uocantur
744 2885 868 2951 Leucopei.
895 2885 936 2934 Ibi
950 2902 963 2934 e
978 2885 1090 2935 cuniculis
1105 2887 1215 2949 effossum

93 2968 217 3031 perficitur
228 2967 288 3033 ipni.
309 2969 377 3018 Num
389 2977 415 3018 et
425 2972 507 3020 Acud.
527 2969 627 3034 leucope.
645 2970 680 3019 ili
690 2985 702 3017 e
713 2958 833 3018 anniculis.
858 2969 924 3018 Gud.
938 2977 963 3018 at
973 2972 1043 3019 Men.
1057 2967 1149 3032 leucope
1161 2969 1215 3018 libie

94 3051 213 3102 cuniculis.

129 3133 180 3198 [60,
196 3135 256 3199 176]
275 3138 331 3188 Hac
342 3147 376 3187 est
386 3138 512 3203 plebarum.
530 3139 569 3188 Ea
580 3138 630 3189 salo
642 3155 671 3187 es
683 3138 788 3186 omnibus
798 3135 933 3202 peueribus]
952 3139 1027 3188 Voss.
1047 3138 1089 3186 luc
1100 3146 1135 3185 est
1145 3137 1215 3202 plelu

94 3217 165 3268 saluus
181 3236 211 3269 eu
226 3222 331 3271 ornnilus
346 3223 471 3286 peneribus
488 3222 574 3273 medici
586 3230 683 3273 ιιιιιιιιιιν
699 3221 798 3270 alterurn
813 3237 887 3285 penus
899 3229 976 3269 cetera
987 3221 1047 3269 enim
1060 3219 1149 3282 liquore
1161 3235 1214 3268 con-

94 3310 191 3353 stertet
201 3304 356 3367 conficiuntur
368 3305 416 3355 oleo
428 3307 520 3356 incocta
531 3307 611 3357 uiuum
623 3306 737 3375 effoditur
749 3305 892 3368 tralucetque
904 3312 926 3352 et
939 3304 999 3353 uiret
1010 3304 1059 3353 salo
1071 3320 1100 3353 en
1111 3303 1216 3353 amnibus

93 3388 217 3451 penei-ibus
232 3389 318 3439 :nediu
331 3399 430 3440 utuntur
446 3391 545 3440 alterum
564 3409 638 3457 penus
657 3391 780 3457 appellunt
798 3390 898 3455 plebam.
926 3390 976 3441 Sed
992 3390 1045 3450 illu,
1067 3405 1096 3438 ex
1113 3388 1217 3439 amamur

92 3472 213 3535 quaeriue
228 3472 314 3522 rnediei
328 3482 425 3523 utuntur
441 3474 540 3524 alterum
556 3491 638 3538 penus,
655 3477 740 3540 priore
755 3476 813 3524 loca
829 3475 934 3524 inducta
949 3484 1016 3536 sunt,
1032 3484 1154 3537 tanquam
1171 3468 1217 3536 p'er

94 3572 204 3608 errorem
222 3558 318 3608 librarii
336 3574 367 3608 oo
383 3559 517 3609 inculcata.
545 3559 643 3609 Scribe:
667 3559 772 3607 nasetur
787 3557 895 3619 solidum,
912 3557 955 3607 iac
971 3567 1012 3619 est,
1029 3556 1107 3621 plebe.
1134 3555 1216 3606 Solum

93 3641 197 3701 (cautem
214 3642 274 3690 enirn
290 3641 382 3705 &quare
398 3651 505 3691 constant
520 3650 543 3690 et
558 3641 714 3703 wrficiuutur
729 3640 779 3690 ale'o
795 3642 897 3705 incocta)
918 3642 995 3690 uiuum
1011 3639 1123 3703 effoditur
1140 3639 1216 3688 ualu-

93 3733 171 3789 cetque
187 3734 211 3775 et
224 3726 298 3775 ruet:
315 3725 365 3776 sola
381 3743 410 3775 ee
426 3727 533 3775 omnibus
549 3724 633 3774 medici
647 3733 750 3775 utuntur.
774 3725 883 3775 Alterum
894 3741 967 3790 penus
979 3722 1104 3787 appellant
1113 3722 1215 3787 pleltarn.

92 3810 215 3871 Primum,
228 3811 319 3874 inquit,
337 3825 424 3860 revera
436 3820 473 3859 est
485 3812 569 3873 gleba,
588 3811 696 3859 alterum
708 3811 744 3861 sic
756 3811 906 3875 appellatur.
929 3809 1042 3859 Pintiuni
1054 3808 1118 3857 liber
1129 3809 1216 3858 otium:

92 3891 135 3943 liae
146 3902 180 3943 est
190 3892 261 3958 plaia
273 3910 319 3957 quo
330 3893 410 3943 solum.
430 3896 492 3945 Tres
504 3909 606 3958 quoquo
618 3895 661 3944 ulii
674 3896 766 3945 nostri:
784 3893 884 3943 solidum
897 3892 939 3941 lsoc
951 3900 986 3940 est
995 3891 1072 3955 plebe.

127 3976 181 4040 [61,
196 3976 257 4040 179]
279 3978 392 4041 Gipnitur
409 3986 431 4026 et
444 3979 532 4043 pinque
545 3978 688 4042 liquentisque
699 3977 798 4039 amaea]
823 3979 865 4028 Sic
877 3991 937 4026 sune
950 3978 1000 4025 iam
1011 3976 1137 4025 Andreas.
1155 3975 1216 4025 Pin-

92 4063 155 4110 tiuui
165 4063 240 4113 liber:
255 4071 278 4110 et
289 4063 406 4127 impioque
418 4062 512 4126 diot'que
524 4062 621 4126 liquoris
633 4063 730 4114 aleacei:
749 4064 816 4113 unde
828 4064 872 4112 ille
884 4062 1019 4124 legendum
1032 4070 1112 4110 retur:
1128 4061 1217 4124 pinque

91 4145 186 4210 mireque
202 4145 313 4210 liquores,
335 4155 364 4198 ut
379 4148 467 4211 paullo
485 4158 554 4211 post:
577 4155 720 4211 utunturque
736 4164 762 4196 eo
778 4144 813 4196 ad
828 4145 975 4195 lucernarum
992 4144 1083 4194 lumina
1097 4144 1148 4194 vice
1164 4143 1216 4194 olei.

92 4227 144 4280 Sed
161 4245 212 4294 qna
228 4231 272 4282 ille
288 4241 439 4296 argumento
456 4234 628 4283 coniecturum
640 4249 712 4284 snum
725 4233 867 4294 confirmat,
885 4232 911 4280 ia
923 4245 972 4293 ego
983 4231 1020 4280 illi
1033 4230 1144 4281 maxime
1156 4244 1216 4279 con·
