2760 4734
475 287 580 330 norun
595 288 639 328 an
654 288 738 336 nrnn.
753 289 870 329 xxxrv.
1144 328 1147 336 ⁴
1186 269 1232 332 itt

113 441 177 492 iussa
193 439 247 489 diei.
269 440 305 490 Ut
321 438 452 501 praecepit
467 437 602 487 Turnebus
617 442 656 486 le.
673 436 742 486 Λᾶν.
756 440 795 486 12.
817 438 951 487 Pincianus
967 439 1084 488 insanum
1102 440 1177 499 rusie,
1199 436 1234 487 ad

111 525 195 576 aeden
207 522 311 575 Nortiae
322 520 442 571 Etruscae
453 520 520 570 deae.

71 627 77 639 ¹
149 608 204 672 [¹9r
217 606 261 669 55]
280 604 415 670 Polycletus
427 605 553 669 Sicyonius
565 603 682 668 Apelads's
693 601 836 667 discipulus]
855 605 929 655 Voss.
947 602 1055 668 cyclade.
1074 607 1112 657 Ut
1122 614 1148 656 et
1159 622 1232 656 mox:

114 692 215 758 apelade
226 700 249 741 et
260 691 335 754 ipsum
348 689 497 754 discipulum.
520 690 607 741 Scribe
622 687 757 754 Apelodoe.
780 689 829 738 Eat
846 689 915 737 enim
931 687 1053 752 Apelcdes
1071 698 1097 738 st
1109 688 1234 754 Apelades

114 778 184 842 apud
194 776 349 826 Pausaniam
362 776 445 838 prima
456 775 532 824 stiam
544 774 724 823 declinatione.
747 774 790 824 Sic
807 781 833 822 ct
845 772 987 822 Pintienus.
1008 774 1134 836 Apuleius
1146 776 1179 823 de
1190 778 1234 825 do-

114 870 202 927 gmate
214 860 333 911 Plutonis
346 856 383 922 [p.
393 863 418 918 2,
430 863 472 908 35.
484 855 628 919 Elmenh.]:
650 856 801 920 Quapropter
811 856 907 904 inuenta
917 854 1079 905 Parmenides
1090 871 1121 905 ac
1131 858 1235 907 Ζινουίτ

113 944 241 994 studiosius
253 950 382 991 essecutus.
401 941 444 992 Sic
457 943 666 991 membranaceus
678 942 753 990 huius
764 941 929 1000 Academiae,
940 955 996 989 non
1006 939 1167 990 Parmenides.

148 1025 203 1089 [12,
217 1023 262 1086 66]
280 1023 415 1085 Herculem,
427 1024 469 1087 qui
476 1024 569 1074 Romae
577 1023 697 1073 Antaeum
708 1040 725 1072 a
739 1031 806 1072 terra
815 1021 968 1085 sustinentes]
981 1025 1063 1074 Acsd
1081 1023 1157 1073 Βοτυυ
1168 1038 1235 1072 acer-

114 1124 167 1160 ram
183 1109 341 1158 sustinentem
365 1109 434 1158 Meu.
446 1117 472 1158 et
484 1109 552 1160 Gud.
568 1108 644 1158 Rome
661 1115 757 1156 eterra
767 1106 924 1155 sustinentem.
947 1108 1024 1157 Voss.
1040 1105 1176 1168 Herculem,
1195 1107 1237 1170 qui

114 1210 209 1253 metuet
225 1200 322 1257 apetera
334 1208 404 1241 erma
414 1201 548 1242 smnentem.
570 1193 683 1243 Pintiani
694 1193 766 1253 liber,
779 1191 872 1240 Romae
884 1189 916 1238 ha
927 1198 1005 1239 cetero
1016 1205 1086 1240 arma
1098 1199 1233 1240 sumentem:

115 1281 183 1329 unde
194 1277 245 1339 ille,
256 1278 281 1326 in
293 1282 410 1326 mutuans
422 1291 492 1324 orma
502 1283 638 1333 sumentem,
656 1276 747 1326 Potius
757 1277 867 1326 memus:
884 1274 1019 1335 Herculem,
1035 1275 1078 1338 qui
1087 1274 1190 1336 Rmnae,
1204 1277 1235 1324 ab

118 1362 206 1413 occsa
215 1376 286 1410 mmo
295 1368 430 1410 maenum.
451 1361 507 1410 utut
523 1360 568 1410 alii
585 1362 617 1410 ab
634 1360 749 1424 Antiopa
765 1361 865 1409 malint.
889 1360 940 1410 Sed
957 1360 1021 1409 baec
1037 1360 1144 1409 nomina
1160 1359 1235 1410 tactis

116 1452 315 1496 commutantur.

149 1527 261 1591 [19‚63]
279 1527 363 1577 Etiam
380 1526 529 1575 cicatricibus
546 1526 624 1589 operis
635 1535 705 1589 atque
718 1525 880 1588 consensuris]
900 1528 976 1577 Voss.
989 1526 1123 1576 concisurus.
1146 1527 1182 1576 Et
1198 1528 1235 1578 sic

115 1613 275 1661 scribendum
292 1612 360 1675 apud
377 1611 503 1660 lucinum
516 1613 542 1672 2,
560 1613 573 1660 l
588 1608 659 1673 [2⁰]=
678 1611 752 1659 tantis
766 1618 861 1660 structa
874 1608 980 1672 molius,
998 1616 1032 1659 tot
1038 1610 1117 1675 fossis
1133 1610 1234 1660 concisa.

116 1697 210 1747 Caesar
220 1697 265 1746 lib.
277 1701 293 1746 3
306 1694 342 1757 [9,
353 1693 381 1757 4]
400 1695 470 1746 Gall.
479 1693 601 1759 pedestria
613 1694 700 1744 itirsera
711 1696 806 1745 concha
816 1694 955 1745 aestuariis.

152 1776 206 1840 [19,
220 1778 264 1840 64]
284 1778 425 1843 Satyrorum
439 1787 548 1841 turmam,
560 1777 726 1829 Aletendrum
738 1780 912 1842 amicorumque
924 1776 985 1839 css]
1004 1780 1145 1839 Turnebus,
1162 1778 1235 1842 Saty·

117 1879 177 1921 rum,
195 1870 294 1911 turmam
311 1861 450 1911 Alexandri
468 1863 642 1926 coniectumque
660 1863 719 1912 eius.
747 1865 853 1913 Plenius
869 1868 895 1911 et
910 1863 1070 1911 commodius
1085 1862 1234 1921 Vossianus,

115 1947 184 1996 Men.
197 1947 264 1998 Gud.
276 1947 510 2010 Academicusques
522 1945 625 1994 Athenis
637 1945 759 2010 Satyrum,
773 1954 873 1994 temam
885 1943 1031 2006 Alexandri,
1046 1944 1072 1993 in
1089 1958 1137 2007 qua
1148 1945 1235 1992 enrico-

116 2045 167 2079 rum
180 2031 229 2079 eius
240 2031 356 2095 imopines
366 2047 457 2079 summa
468 2031 569 2080 omnium
581 2028 736 2079 similitudine
746 2029 869 2094 expresse.
887 2030 971 2080 Immo
986 2029 1131 2080 cisiniani
1143 2029 1234 2077 codex.

150 2112 203 2177 [19,
217 2113 261 2176 66]
279 2114 322 2165 Ad
337 2114 468 2178 Trophonii
478 2112 596 2164 oraculum
608 2113 742 2178 quadripes
752 2112 856 2164 Medeae
871 2112 1001 2176 complures
1013 2126 1096 2174 equum
1108 2126 1159 2161 cum
1164 2110 1235 2173 fisci-

116 2196 165 2260 ais]
183 2200 263 2249 Recte
276 2200 418 2261 Turnebus,
434 2198 586 2248 emulncrum
602 2197 734 2262 Trophonii
748 2196 784 2246 ad
798 2196 926 2246 oraculum.
951 2197 1075 2247 Sicorim
1093 2206 1119 2244 et
1130 2195 1235 2244 Vossiu-

58 2290 61 2294 ’
116 2299 170 2344 nus,
186 2285 290 2346 Menap.
307 2285 537 2346 Academicusque.
567 2284 618 2334 Sed
634 2292 659 2333 et
680 2285 749 2347 quod
764 2283 884 2345 sequitur,
903 2282 1012 2344 granta
1028 2281 1136 2329 laboret.
1159 2280 1234 2329 Voss.

116 2365 249 2431 quadripes
260 2366 336 2415 medei
347 2366 470 2430 conplures
482 2367 570 2430 aequin
580 2366 744 2431 cumfuscinis
756 2382 837 2415 canera
849 2366 988 2414 omaticum.
1009 2365 1091 2415 Acsd.
1103 2361 1236 2427 quadripes

115 2450 181 2500 mede
197 2467 249 2499 cum
263 2449 346 2513 plures
360 2451 434 2513 equits
447 2466 500 2499 crem
507 2451 609 2514 fucinis.
630 2453 719 2510 Forte,
736 2448 871 2513 quadripes
883 2448 908 2497 in
920 2447 991 2497 aedes
1003 2445 1141 2511 complures.
1163 2447 1236 2497 Haec

115 2537 184 2584 euim
197 2543 346 2583 omameuta
358 2535 519 2596 fastigiosum
529 2541 610 2584 erant
627 2531 937 2596 Iustnuslib.ss[r,1o]
950 2535 981 2582 de
990 2533 1086 2596 templo
1095 2532 1235 2595 Delphico:

114 2625 255 2679 staturosque
266 2632 318 2664 cum
330 2616 461 2680 quadripis‚
474 2632 575 2680 quarum
587 2616 669 2681 inpens
679 2616 751 2681 capio
761 2615 848 2679 promul
863 2618 989 2678 msebatm,
1004 2614 1082 2666 solido
1091 2631 1151 2666 euro
1159 2617 1235 2681 fusos

115 2718 171 2751 esse.
190 2701 222 2751 Iu
232 2701 330 2764 templo
343 2701 476 2764 Apollinis
486 2701 599 2750 Palatini

350 2783 420 2833 Auro
431 2782 496 2835 Solis
508 2791 562 2833 erat
571 2783 761 2848 suprafastipia
772 2801 866 2847 currus,

116 2879 143 2918 ut
154 2869 224 2917 canit
235 2868 382 2932 Propertius
394 2870 437 2918 lib.
452 2873 475 2917 2.
488 2870 554 2931 eleg.
566 2874 589 2918 3.
605 2866 736 2930 [lirratum
752 2877 790 2919 est
801 2871 828 2918 iu
840 2872 959 2920 numeris.
981 2872 1029 2920 Est
1039 2871 1112 2920 locus
1123 2870 1196 2932 eleg.
1210 2877 1234 2928 2,

116 2959 157 3013 62,
175 2959 219 3012 ll,
239 2954 308 3016 apud
323 2952 485 3002 Lachmann.
501 2959 525 3013 8,
538 2955 581 3012 27,
600 2959 644 3013 ll,
666 2954 709 3014 qni
731 2954 843 3016 scripsit:
866 2951 935 3016 Erpa
951 2952 1016 3002 Solis
1032 2961 1085 3000 act
1100 2969 1175 3016 supra
1186 2953 1233 3013 fa-

114 3036 187 3100 stipia
199 3033 301 3096 currum]
319 3036 407 3085 Livius
419 3037 462 3085 lib.
479 3041 508 3084 10
522 3033 579 3097 [22]
590 3052 597 3082 c
609 3050 685 3083 aenea
695 3035 720 3083 in
732 3031 848 3097 Capitolio
861 3034 955 3096 limina,
965 3034 1089 3098 Iovemque
1100 3035 1125 3083 in
1136 3034 1235 3084 culmine

115 3134 167 3167 eum
177 3118 309 3183 quadripes.
333 3119 384 3169 Sed
400 3120 461 3181 quie
472 3119 518 3167 fiet
527 3117 573 3167 illo
584 3117 686 3180 mquut
704 3117 855 3168 violentum
863 3118 932 3168 forte
943 3119 976 3169 sit
986 3118 1121 3182 Neptunum
1133 3119 1234 3182 sumsu-

114 3201 196 3251 seinis:
214 3216 267 3252 una
278 3203 347 3250 euim
358 3203 382 3252 ei
399 3201 547 3252 sufficiebat.
569 3201 686 3266 Hercyna
701 3202 778 3251 otiam
796 3201 975 3252 obversabatur
989 3199 1105 3260 σύνναος
1115 3205 1234 3268 Tropho·
1247 3216 1296 3261 826

16 3330 20 3336 .
114 3287 162 3336 nii:
178 3287 224 3337 scd
241 3287 302 3350 quid
319 3287 358 3336 illi
369 3300 428 3336 eum
446 3285 567 3336 iuseinisi
587 3286 763 3337 Placidissime
779 3286 878 3336 ridetur
889 3287 960 3336 exire
975 3302 1044 3350 seque
1060 3303 1110 3336 erm
1119 3289 1233 3352 succinis

115 3371 205 3420 habitu
216 3370 315 3420 seilicet
327 3372 453 3434 punctari.
471 3371 609 3421 Petronius
619 3369 686 3435 [cap.
700 3368 772 3431 109]:
784 3369 856 3419 Alius
868 3369 1012 3420 eesdtantes
1023 3373 1234 3437 quaeebotfusei·

115 3468 147 3501 na
155 3453 240 3516 pasces.
258 3455 414 3518 Hesychius:
430 3446 619 3515 θυννάζοντες,
631 3454 800 3512 κεντοῦντες·
819 3451 885 3512 τοὺς
901 3451 955 3521 γὰρ
970 3453 1108 3520 μεγάλους
1118 3454 1235 3515 θύννους

115 3533 266 3600 rprddouoro
280 3534 446 3599 ἐλάμβανον.
464 3539 563 3589 Plinius
576 3544 600 3600 9,
615 3544 646 3588 lt
659 3537 712 3600 [20,
725 3537 783 3600 51]:
801 3540 864 3588 mira
875 3538 996 3590 dulcedius
1005 3557 1050 3604 per
1061 3540 1151 3603 aliquot
1162 3541 1233 3589 hora·

114 3637 167 3679 rum
177 3621 259 3684 spatia
270 3630 293 3670 et
301 3638 416 3685 passuum
427 3621 506 3672 millia
517 3639 534 3671 a
543 3620 711 3687 puberneculis
721 3631 866 3687 spectmtur,
886 3637 916 3674 ne
932 3613 1032 3674 tridente
1049 3622 1141 3686 quadem
1158 3623 1183 3671 in
1195 3639 1234 3672 eos

113 3706 209 3769 saepius
220 3706 282 3754 iacto
295 3706 377 3756 territi.

148 3788 202 3852 [tu
221 3788 264 3851 72]
286 3789 322 3839 At
338 3787 457 3854 Polycleti
471 3789 601 3854 discipulus
617 3788 740 3839 Aristides
754 3792 888 3858 quadripes
904 3793 1024 3855 bipesque.
1051 3789 1088 3840 Et
1102 3790 1233 3856 Iphicratis

114 3873 199 3922 laeena
211 3872 335 3935 laudmur]
356 3875 475 3935 Quatuor
484 3875 579 3939 scripti,
592 3873 628 3923 At
635 3874 753 3940 Polycleti
760 3871 889 3926 Aristides.
908 3875 1008 3926 Sufficit
1019 3877 1086 3925 enim
1098 3878 1149 3926 huc
1160 3877 1233 3927 intel-

113 3957 266 4020 bulensem,
285 3974 349 4022 quse
361 3960 498 4038 positaest
507 3960 534 4008 in
546 3961 661 4009 membro
672 3963 846 4024 praecedenti:
863 3958 1004 4008 Alcamenes
1014 3958 1119 4009 Phidiae
1130 3960 1233 4024 discipu·

114 4038 157 4091 lus.
182 4044 249 4093 Deiu
261 4044 337 4093 Voss.
357 4041 751 4107 tipasqacmplicrocts.1torts:
770 4046 890 4109 bipasque.
915 4044 1041 4094 Tesieretis
1052 4043 1136 4093 lencm
1148 4043 1233 4094 muda-

115 4133 160 4176 tur.
182 4128 259 4177 Dixit
275 4129 342 4177 enim
359 4129 474 4192 superius
487 4126 541 4190 [1s‚
554 4127 613 4190 st]:
628 4129 707 4179 Husiu
720 4146 793 4193 porro
805 4125 934 4191 discipulus
939 4128 995 4192 suit
1010 4129 1138 4179 Tisicrates
1149 4137 1172 4178 ct
1183 4128 1234 4194 ipse

115 4209 248 4275 Sicyonius.
266 4211 374 4264 Inferius
387 4210 441 4276 [19,
453 4210 510 4276 83J:
524 4212 674 4267 Xenocrates
689 4213 814 4264 Tisicreu's
825 4211 961 4276 discipulus.
