2760 4734
567 314 813 357 Paoauaouuru.
1192 316 1252 355 xlx

127 462 170 529 In
184 462 289 528 fronto
305 461 459 546 cuiusque
477 459 615 547 paginae
630 459 735 546 operis
751 458 862 525 titulus
879 481 918 524 ac
932 457 1005 525 libri
1026 478 1179 527 numerus
1200 460 1251 526 in-

128 572 292 649 dicantur,
320 571 465 657 exceptis
487 570 649 655 aliquibus
671 593 691 634 a
711 569 845 656 ligatore
865 569 1029 634 mutilatis.
1061 569 1191 636 Indices
1213 594 1252 638 ea

126 681 336 767 inscriptione
362 680 553 767 plerumque
580 689 703 758 carent,
732 678 894 745 undecimi
922 680 1026 744 solum
1046 677 1120 745 libri
1142 680 1254 746 addita

128 800 179 857 est
197 791 377 876 inscriptio.

172 899 372 967 Universum
399 923 482 986 opus
504 899 689 965 Plinianum
715 898 762 964 ita
781 899 971 984 inscriptum
992 909 1073 964 erat:
1107 898 1141 965 C.
1162 900 1254 966 Pliui

132 1008 273 1076 Secundi
292 1023 427 1077 naturae
448 1013 653 1075 historiarum
676 1011 761 1088 libri,
783 1019 820 1073 ut
841 1032 859 1074 e
880 1033 913 1095 p.
938 1011 1009 1087 177,
1025 1012 1055 1074 2.
1076 1011 1106 1075 3.
1135 1011 1208 1088 222,
1232 1014 1251 1075 2

127 1132 275 1206 apparet

652 1331 666 1412 q
699 1329 729 1392 5.

344 1493 393 1545 DE
411 1491 630 1546 COMPENDIIS
648 1491 839 1543 scamnum
856 1491 904 1543 Ac
923 1491 1046 1542 SIGLIS.

174 1622 437 1709 Unumquodque
470 1623 648 1709 scripturae
680 1623 908 1709 compendium
939 1622 1100 1688 indicatur
1132 1635 1253 1710 puncto

130 1731 266 1798 ultimae
281 1733 427 1799 vocabuli
442 1734 554 1798 literae
572 1732 693 1812 addito,
708 1744 745 1797 ut
754 1733 913 1818 exemplis
931 1743 1074 1798 utamur:
1091 1730 1253 1820 ..b-[us]‚

131 1840 243 1929 q·[ue]
265 1842 318 1907 vel
339 1842 516 1930 a·[crrpsit]
545 1866 576 1929 p.
602 1844 679 1921 117,
703 1844 739 1920 2,
762 1842 1043 1930 observat·[ioues]
1067 1866 1099 1928 p.
1120 1845 1198 1921 225,
1221 1842 1252 1920 8,

132 1951 335 2034 histor-[iae]
359 1975 391 2036 p.
414 1956 487 2030 225,
511 1955 541 2016 7.
579 1952 753 2018 Praeterea
781 1963 889 2016 autem
917 1962 1073 2036 punctum
1099 1952 1188 2016 iuxta
1213 1952 1253 2016 li·

132 2068 222 2125 teras
242 2062 341 2146 paulo
365 2060 513 2147 superius
529 2061 686 2140 scribitur,
709 2083 772 2145 quo
788 2062 996 2146 seiungantur
1010 2061 1163 2125 orationis
1178 2083 1253 2145 par-

131 2169 260 2247 ticulae,
282 2168 339 2234 ubi
360 2169 455 2234 hodie
476 2181 668 2235 commatum
689 2170 739 2236 vel
760 2169 872 2255 puncti
894 2170 996 2255 signis
1018 2169 1147 2233 utimur.

177 2275 563 2366 Lineola-praesertim
583 2279 618 2342 in
639 2280 703 2344 fine
724 2301 837 2344 versus
861 2277 1021 2364 significat
1042 2304 1073 2342 m
1095 2278 1147 2342 vel
1168 2303 1200 2354 a,
1222 2278 1256 2342 in

132 2387 252 2452 mediis
274 2398 383 2452 autem
405 2388 499 2453 lineis
521 2389 572 2452 vel
593 2388 756 2455 vocabulis
777 2387 898 2452 indicat
911 2409 1136 2472 quamcunque
1159 2387 1256 2471 sylla-

133 2514 211 2580 bam
240 2496 421 2592 omissam,
434 2527 472 2578 ut
498 2537 530 2599 p.
553 2517 633 2592 222,
656 2517 678 2580 4
704 2502 798 2600 iosap·
822 2536 879 2598 pro
906 2517 1027 2600 incepit.
1063 2513 1163 2578 Haud
1185 2537 1257 2580 raro

133 2632 247 2688 autem
261 2623 462 2707 antiquarius
477 2624 538 2689 hoc
553 2622 742 2708 compendio
757 2624 804 2688 uti
818 2623 970 2711 neglexit,
990 2645 1054 2707 qua
1068 2623 1109 2688 dc
1122 2647 1156 2688 re
1172 2625 1258 2688 infra

132 2742 262 2819 agetur.
287 2731 428 2798 Tenuior
444 2734 560 2799 lineola
575 2734 717 2798 numeris
732 2732 880 2817 imposita
897 2745 947 2797 est
956 2780 965 2811 ,
984 2754 1048 2816 quo
1065 2733 1188 2798 lacibus
1206 2734 1256 2798 di·

140 2858 264 2946 stingui
286 2871 418 2944 possent
439 2882 458 2923 a
478 2859 581 2924 literis
608 2859 698 2944 ipsis,
724 2869 759 2922 ut
781 2859 952 2923 afferamus
978 2845 1035 2923 dac
1056 2882 1089 2945 p.
1104 2861 1177 2937 207,
1201 2862 1256 2937 ]4;

131 2968 248 3033 eadem
269 2978 376 3032 autem
399 2967 516 3034 lineola
536 2990 634 3054 supra
660 2989 827 3047 numerum
851 2968 949 3031 ducta
974 2967 1060 3032 mille
1087 2967 1258 3053 significat,

135 3118 166 3160 e.
187 3116 221 3180 g.
239 3082 387 3182 ΜΡ.
411 3097 463 3173 94,
487 3097 537 3160 13.
575 3093 612 3159 si
641 3117 718 3160 vero
739 3095 847 3158 literae
874 3095 1052 3159 numerales
1074 3095 1125 3158 vel
1147 3094 1259 3160 ultima

135 3226 249 3269 earum
269 3202 385 3269 lineola
406 3226 464 3289 per
485 3204 625 3270 medium
648 3203 794 3269 traducta
815 3216 971 3280 secantur,
998 3203 1198 3286 antiquarius
1221 3227 1259 3270 ea

136 3312 309 3398 scriptione
335 3313 486 3378 lectorem
517 3313 685 3379 advertere
713 3312 813 3378 voluit
842 3336 904 3377 non
941 3325 1044 3378 totum
1077 3336 1258 3392 numerum,

136 3421 196 3488 sed
224 3421 389 3487 dimidiam
417 3435 540 3509 partem
574 3423 642 3488 eius
670 3421 756 3510 signi
784 3425 996 3499 numeralem,
1031 3422 1117 3506 quod
1144 3424 1259 3489 lineola

136 3543 320 3597 transversa
340 3533 479 3597 divisum
500 3543 560 3610 est,
582 3531 831 3619 intellegendam
853 3554 934 3610 esse,
957 3543 993 3596 ut
1016 3533 1163 3618 exemplo
1185 3544 1257 3597 uta-

134 3662 209 3704 mur
230 3642 285 3706 lac
304 3641 326 3706 i.
350 3664 378 3706 e.
403 3644 465 3724 643
487 3645 587 3727 p.94,
606 3643 655 3707 15.
678 3641 744 3707 Per
766 3663 902 3706 vacuum
923 3665 1034 3708 versus
1055 3642 1258 3708 intervallum

133 3749 169 3814 in
195 3749 258 3815 fine
285 3751 434 3817 sectionis
461 3751 621 3816 interdum
646 3750 763 3816 lineola
789 3751 944 3834 perducta
971 3764 1035 3829 est,
1070 3773 1151 3835 quae
1179 3752 1259 3817 nihil

134 3858 271 3937 indicat,
292 3860 355 3924 nisi
375 3861 480 3925 locum
501 3861 599 3925 istum
620 3883 757 3925 vacuum
778 3860 923 3925 relictum
946 3883 1033 3937 esse3
1057 3882 1122 3943 qua
1142 3860 1259 3926 lineola
1330 3903 1335 3907 -

134 3969 261 4034 cavisse
282 3969 409 4035 videtur
431 3969 642 4054 antiquarius,
664 3992 705 4033 ne
727 3969 906 4034 emendatio
928 3970 1035 4054 aliqua
1055 3970 1256 4037 adiiceretur.

132 4090 135 4093 “
178 4075 565 4165 81ςηυωκε1ι(νθίυ
587 4080 778 4164 p.l9l‚ll.
800 4081 926 4165 alat)
948 4081 980 4142 in
1003 4089 1140 4144 exeunte
1163 4103 1259 4145 versu
1326 4156 1327 4160 Ἰ

134 4187 275 4274 positum
291 4201 341 4254 est
354 4180 551 4276 plerumque,
567 4190 623 4255 ubi
639 4188 829 4255 vocabulum
847 4188 1036 4274 seiungitur,
1059 4202 1095 4252 ut
1110 4188 1261 4275 dealbant

1039 4308 1056 4342 ff
