2760 4734
264 965 459 1025 ILLUSTRI
475 967 529 1024 ET
545 965 798 1026 SINGULARIS
815 967 1004 1025 EXEMPLI
1019 967 1120 1026 VIRO

153 1153 613 1272 IOHANNI
667 1154 1215 1274 CAPELANO

400 1403 477 1444 REGI
492 1402 767 1445 cumsmsulsssmo
784 1405 803 1443 Α
819 1402 969 1445 CONSILIIS

337 1570 531 1646 IOHANNES
558 1570 787 1646 FREDlllllCUS
814 1572 1038 1648 GRONOVIUS.

127 1863 312 1981 Antigonus
335 1906 476 1978 GonataS,
501 1907 643 1965 Demetrii
664 1906 848 1965 Poliorcetae
868 1909 957 1979 filius,
986 1908 1131 1966 Iohannes
1152 1906 1247 1987 Cape:

127 2016 207 2082 lane,
230 2017 285 2074 Vir
299 2016 438 2088 lllustris,
460 2018 538 2092 apud
553 2017 651 2092 Argos
665 2016 730 2073 loco
749 2020 831 2074 tutus
846 2023 875 2074 et
890 2017 969 2074 vallo
984 2017 1111 2088 clausus,
1132 2018 1248 2094 Pyrrho

127 2124 278 2200 Epirotae,
299 2127 351 2200 qui
364 2127 576 2201 propemodum
591 2126 669 2182 omni
684 2124 858 2182 Macedonia
872 2143 938 2182 eum
954 2127 1117 2201 expulerat,
1138 2145 1248 2201 provo-

128 2235 207 2292 canti
228 2242 257 2292 et
275 2235 421 2309 ignaviam
441 2235 630 2309 exprobranti
650 2233 816 2309 respondit,
843 2251 927 2290 suam
954 2234 1168 2309 expeditionem
1189 2254 1247 2292 non

127 2362 294 2415 armorum,
322 2344 373 2400 sed
395 2343 534 2418 temporis
554 2361 627 2400 esse.
662 2342 727 2401 Nec
745 2361 812 2400 raro
831 2343 880 2412 fit,
903 2349 937 2400 ut
953 2361 1030 2418 quae
1049 2361 1086 2401 ex
1105 2344 1248 2402 destinato

127 2470 295 2527 magnaque
308 2452 385 2509 mole
399 2453 607 2526 suscipiuntur,
630 2469 736 2527 aspera
755 2451 898 2526 foedaque
917 2452 1067 2522 eveniant3
1087 2472 1163 2528 quae
1184 2456 1249 2512 sola

127 2561 229 2620 elicuit
242 2563 455 2636 opportunitas,
477 2578 644 2635 quanquam
658 2560 840 2636 inapparatu,
856 2561 1014 2619 bellissime
1028 2564 1147 2622 cadant:
1170 2565 1248 2638 quod

128 2677 160 2728 et
178 2669 206 2726 in
225 2670 340 2727 duobus
358 2671 418 2726 illis
437 2670 574 2744 apparuit
593 2670 721 2746 regibus.
755 2669 815 2728 Sed
839 2689 858 2728 a
882 2673 1026 2729 cothurno
1052 2673 1089 2730 ad
1114 2691 1247 2732 soccum:

128 2777 216 2836 huius
231 2778 374 2854 opusculi,
396 2779 474 2852 quod
489 2778 579 2848 vides,
601 2779 637 2835 de
651 2796 788 2837 successu
802 2780 991 2854 pronuntiare
1005 2799 1063 2838 non
1077 2788 1123 2839 est
1136 2800 1248 2840 meum:

129 2889 276 2946 occasioni
289 2887 382 2962 magis
396 2888 427 2944 id
441 2906 531 2962 quam
545 2887 666 2945 consilio
681 2888 786 2946 debere
806 2888 948 2963 originem
969 2888 1063 2946 dicere
1082 2898 1111 2946 et
1130 2908 1249 2964 pessum

129 3000 162 3054 et
176 2997 345 3072 compellor,
367 3017 414 3068 ne,
436 2998 515 3071 quod
530 3005 666 3055 truncum
681 2997 796 3054 videtur
810 3006 840 3053 et
855 2998 948 3072 eapite
967 3005 1055 3070 atque
1075 2997 1154 3055 calce
1169 2999 1249 3056 defe-

130 3114 220 3178 ctum,
243 3125 325 3164 meae
345 3106 472 3164 desidiae
494 3113 547 3163 aut
565 3105 683 3164 fastidio
703 3105 896 3163 adscribatur.
929 3104 1050 3164 Isaacus
1064 3115 1110 3164 est
1123 3106 1250 3165 Vossius

129 3223 239 3286 noster,
260 3233 319 3272 non
333 3215 397 3286 tibi,
416 3234 475 3271 non
495 3216 630 3290 cuiquam
651 3213 754 3290 paullo
770 3213 937 3271 humaniori
957 3215 1004 3272 vel
1026 3233 1045 3272 a
1064 3225 1146 3291 patre
1165 3218 1213 3275 vel
1231 3237 1251 3276 a

128 3322 272 3381 fratribus
287 3324 335 3381 vel
351 3324 387 3382 ab
402 3341 466 3382 sese
484 3324 613 3398 ignotus,
636 3324 685 3399 qui
705 3324 840 3399 copiosae
859 3342 894 3381 ac
912 3334 1131 3385 consummatae
1151 3330 1251 3387 erudi-

129 3433 203 3490 tioni
225 3440 254 3489 et
271 3432 399 3492 foetibus
419 3433 528 3507 ingenii
548 3433 801 3507 excogitatissimis
822 3434 969 3491 adstruxit
987 3438 1095 3494 subtile
1114 3438 1251 3496 iudicium

129 3545 163 3599 et
184 3542 311 3600 nobilem
331 3551 480 3618 sumptum
500 3543 529 3600 in
552 3544 727 3601 membranis
747 3552 777 3600 et
796 3542 903 3602 chartis
923 3545 988 3602 aevi
1007 3546 1098 3619 prisci
1115 3544 1250 3602 literatis.

129 3652 198 3710 Hoc
211 3653 315 3726 ingens
328 3652 555 3710 instrumentum
570 3661 614 3710 est
628 3652 775 3710 doctrinae
790 3661 920 3732 veterum
936 3654 1050 3727 cupidis
1061 3653 1252 3727 aemulisque.
1329 3706 1333 3713 ,

130 3760 249 3819 Accidit
263 3761 340 3818 euim
354 3761 539 3831 naturaliter,
562 3767 597 3817 ut
610 3778 669 3834 quo
685 3762 802 3836 saepius
816 3767 996 3818 renovantur
1010 3768 1040 3818 st
1053 3769 1253 3837 propagantur
1267 3769 1316 3819 76⁴

130 3869 199 3927 libri
213 3871 276 3928 sive
290 3888 379 3927 manu
393 3870 455 3928 sive
470 3868 620 3939 torculari,
641 3887 720 3927 nova
733 3869 897 3945 concipiant
918 3869 999 3941 vitia,
1020 3869 1069 3928 vel
1083 3887 1182 3926 errore
1194 3871 1252 3927 hu-

132 3995 231 4047 mano,
252 3977 301 4034 val
321 3979 483 4037 temeritate
503 3979 688 4057 mutantium,
708 3996 784 4052 quae
802 3997 860 4035 non
881 3977 1009 4052 capiunt.
1043 3978 1083 4036 Et
1102 3987 1199 4037 tamen
1218 3981 1254 4037 de

133 4086 217 4143 nullo
238 4087 429 4162 cuiusquam,
452 4087 514 4145 siva
533 4087 796 4162 Theologumenon
817 4092 951 4144 auctores
973 4104 1160 4162 percenseas,
1181 4107 1254 4164 quos

1034 4183 1066 4220 g„
