2760 4734
171 248 212 310 94
660 264 802 307 nuouovr

170 431 223 466 eore
239 416 361 479 irrepente.
388 414 471 478 Lege:
492 413 634 477 vidissetque
653 412 779 477 adoptione
796 413 976 462 testamentaria
993 411 1137 478 Salpittonis
1156 413 1212 478 (loe
1227 417 1290 467 enim

167 502 250 561 fuant
264 514 388 563 aopnomen
403 497 575 563 Africanorum
592 497 711 560 dedecoro)
726 498 857 562 inrepentes
874 496 1012 562 Scipionum
1028 499 1124 548 nomirsi.
1146 500 1203 550 Nisi
1214 502 1290 551 malis

170 583 322 648 Salpittones.

106 676 153 720 831
204 667 240 730 [2,
253 665 280 729 9]
307 666 411 724 Quonam
427 663 570 714 immortales
584 665 679 714 animae
695 664 720 712 in
735 662 817 713 is'sdem
835 662 892 713 locis
903 663 939 713 at
948 662 1084 728 loquantur]
1109 667 1192 717 Vacat
1203 665 1234 716 τὸ
1247 667 1289 719 iti.

169 753 211 804 Sin
227 752 296 802 enim
306 750 397 799 Voss:
414 764 511 810 quoram
527 748 671 797 immortales
687 747 782 796 annuae
797 748 822 796 in
839 746 894 796 locos
906 746 988 798 iisdem
1000 747 1134 811 loquantur.
1153 752 1216 801 Tres
1231 752 1289 802 alii:

114 892 117 907 Ι
168 837 280 886 animent
291 834 315 883 in
327 831 425 882 hiisdem
438 830 494 880 locis
506 832 540 881 nli
550 831 683 895 loquantur.

203 920 240 984 [2,
254 918 297 981 11]
320 917 376 969 Non
392 915 522 973 nominibus
534 924 624 964 tantam
635 916 832 980 septinpentoram
844 915 980 978 illustrium,
991 915 1035 965 sed
1045 917 1115 966 enan
1127 915 1209 981 als'qsm
1220 919 1290 970 modo

168 1002 322 1070 imaginibus]
345 1003 422 1051 Voss.
439 1000 535 1048 insertos
546 999 703 1049 velaminibus
713 999 1012 1062 suornmfoeaanditatinm
1024 1001 1225 1065 septinpentoram
1233 1003 1289 1054 illn-

166 1091 251 1139 sminm
267 1087 347 1150 altono
362 1083 430 1133 modo
446 1083 597 1148 imapinibns.
619 1086 711 1134 Voluit
725 1082 867 1133 voluminum
882 1101 976 1133 suornm
984 1084 1156 1146 foecunditati.
1178 1091 1248 1139 Men.
1261 1100 1290 1140 ot

167 1173 235 1224 Gud.
252 1179 275 1219 et
289 1168 384 1218 insertis
399 1168 424 1216 in
440 1167 594 1217 voluminibus
610 1184 656 1216 non
673 1175 763 1217 tantam
775 1175 834 1232 sept.
857 1169 939 1218 Aead.
956 1176 979 1217 et
990 1168 1085 1218 insertis
1096 1169 1122 1217 in
1133 1169 1289 1221 volaminsltns

168 1265 191 1306 et
201 1255 331 1304 nominatos
342 1269 388 1301 non
403 1260 419 1301 t.
431 1259 490 1315 sept.

202 1337 292 1403 [Ibin]
315 1336 450 1386 Inventione
461 1335 564 1384 mannis
575 1335 646 1383 etiam
658 1334 705 1384 diss
716 1332 857 1397 invidiosos]
879 1337 923 1386 Ab
934 1337 1084 1398 Hermolao,
1102 1350 1161 1387 oum
1177 1341 1289 1390 dedisset

166 1426 295 1475 Andreas:
313 1418 441 1469 inventioni
455 1419 557 1468 manaa
573 1419 642 1468 enam
658 1418 706 1468 diis
721 1417 850 1468 invidiosis.
874 1420 950 1469 Voss.
969 1418 1076 1468 inventor
1091 1424 1199 1484 namanes
1214 1423 1287 1472 etiam

166 1506 214 1556 diis
229 1504 350 1554 invidiosi.
377 1504 465 1554 Scribe
481 1503 589 1564 monam,
605 1511 636 1576 nt
651 1512 677 1552 et
693 1504 834 1553 Pintianus.
861 1502 929 1553 Gud.
946 1503 1065 1553 ennean.
1081 1503 1213 1554 inventores
1228 1507 1287 1570 quin

166 1591 236 1638 ettam
250 1589 297 1639 diis
309 1585 427 1647 invidiosi,
445 1594 473 1636 ut
484 1595 509 1636 et
519 1589 598 1648 Mem,
610 1588 658 1637 nisi
671 1590 740 1650 quod
753 1585 874 1635 invidiose.

202 1670 291 1735 [Ibin]
320 1672 352 1721 Ut
363 1678 501 1733 praesentes
518 1686 567 1719 esse
583 1670 667 1733 alique
684 1679 708 1719 et
723 1668 806 1719 alandi
816 1669 925 1733 possent]
953 1671 1030 1722 Voss.
1051 1671 1135 1734 altique
1151 1670 1218 1721 cladi
1229 1689 1286 1736 pos·

165 1765 224 1807 sent.
245 1757 325 1818 Lege:
344 1754 428 1816 ntique
443 1761 466 1800 et
482 1751 560 1802 videri
571 1761 673 1818 possent.
691 1757 760 1804 Men.
774 1754 840 1805 Gud.
853 1755 936 1804 Aond.
954 1762 980 1802 nt
992 1742 1130 1819 praesentes
1141 1772 1191 1805 esse
1201 1757 1287 1820 alique

164 1840 234 1890 aredi
240 1839 340 1904 possint.

199 1925 264 1976 ess.
279 1923 329 1974 111.
351 1919 445 1984 [3,12]
473 1920 504 1972 Si
522 1920 647 1972 liberorum
668 1922 737 1971 tarta
752 1921 839 1985 parvis
858 1921 1000 1986 imapinilons
1020 1939 1061 1971 cen
1080 1921 1162 1972 nidum
1182 1924 1285 1988 alslpnem

164 2007 260 2069 sobolis]
287 2008 365 2057 Voss.
385 2003 471 2053 sabota
488 2013 513 2055 et
529 2003 635 2055 liberant
658 2005 695 2056 Ut
711 2013 737 2055 et
752 2016 822 2066 mox,
840 2004 963 2054 Maiorem
980 2005 1071 2069 quidem
1087 2014 1198 2058 nostram.
1222 2008 1285 2058 Pin-

164 2096 248 2144 tiunus
260 2075 337 2141 etiam
350 2087 454 2144 libertem.

120 2244 123 2247 1
199 2176 235 2240 [3,
250 2172 292 2236 13]
311 2173 441 2235 Senemque
452 2171 477 2221 in
488 2171 574 2221 eastris
586 2171 669 2235 talene]
687 2174 765 2224 Voss.
776 2189 869 2224 venae.
886 2176 963 2224 Forte
974 2189 1057 2223 venem
1068 2181 1113 2226 sut
1124 2183 1224 2225 tautae.

199 2257 293 2324 [3,1t]
317 2256 412 2306 Invenit
427 2256 456 2314 Q.
472 2255 591 2318 Martias]
609 2256 688 2306 Lucio
703 2271 858 2322 praenomen
869 2256 925 2320 luit,
941 2274 996 2309 uon
1011 2257 1106 2317 Quinto.
1123 2261 1215 2325 Itaque
1230 2263 1286 2312 iure

164 2349 267 2410 ignoret
277 2343 420 2392 Vossianus
432 2338 463 2390 τὸ
481 2340 511 2398 Q.
561 2352 565 2367 ¹

199 2425 293 2492 [6,18]
319 2425 420 2475 Pontias
437 2423 528 2488 lepatsa
548 2421 603 2475 Caii
613 2424 731 2489 principis
747 2441 788 2473 eas
805 2424 884 2473 tollere
900 2432 998 2474 conatae
1013 2424 1059 2488 est]
1086 2426 1162 2477 Hune
1179 2442 1285 2492 quoque

163 2515 277 2576 legatum
294 2511 414 2574 principis
431 2525 446 2559 a
461 2509 545 2559 Plinio
561 2510 604 2559 hio
621 2509 764 2559 adhibitum
779 2510 922 2560 Vossianus
938 2519 1023 2574 negat.
1046 2511 1087 2562 Sic
1103 2513 1172 2561 enim
1187 2513 1234 2562 ihi:
1258 2520 1286 2562 at

164 2596 233 2660 nirpo
244 2611 273 2643 ne
284 2594 354 2643 minis
366 2593 459 2656 quidem
472 2593 544 2657 tempi
554 2601 732 2658 concusseqatns
741 2593 851 2658 princeps
863 2592 942 2642 tollere
953 2610 1002 2644 eas.
1014 2595 1103 2656 Vides,
1114 2597 1184 2645 unde
1193 2594 1285 2661 lepatns

164 2682 212 2731 iste
223 2681 335 2744 primum
346 2685 421 2729 natas
434 2680 474 2728 sit.
497 2678 580 2740 Quem
592 2688 621 2727 ut
632 2679 783 2738 habuerunt,
800 2693 895 2727 nomen
908 2680 984 2728 etiam
996 2680 1019 2728 ai
1030 2679 1079 2729 luit
1090 2680 1284 2743 imponendum:

164 2779 227 2828 ergo
243 2763 356 2825 repetitis
373 2763 524 2824 quibusdam
540 2761 619 2812 literis
633 2763 702 2810 vocis
714 2777 838 2810 eoneassae
849 2764 1001 2812 addiderunt
1010 2762 1120 2813 Pontias.
1137 2765 1187 2815 Hio
1198 2773 1284 2814 autem

164 2865 222 2899 oum
239 2847 317 2910 legati
333 2860 467 2911 perennem
485 2846 628 2907 sustineret,
644 2860 698 2896 uon
712 2852 815 2909 poterut
832 2847 881 2895 dici
890 2846 1010 2909 princeps,
1026 2849 1072 2896 aed
1086 2847 1210 2912 principis.
1232 2850 1284 2899 Hie

164 2949 267 2998 quoque
282 2933 385 2996 nomine
402 2931 565 2980 destinandus
581 2936 644 2991 erat,
662 2945 753 2992 nempe
772 2926 833 2979 Gaii.
860 2933 895 2981 Et
910 2931 937 2979 hi
953 2931 1063 2981 modesti
1080 2939 1177 2992 amen,
1193 2943 1284 2995 praeut

141 3025 143 3032 ’
164 3017 216 3079 alii,
233 3024 259 3066 nt
273 3016 341 3082 sirpo
357 3014 457 3064 nominis
472 3012 565 3078 quidem
583 3013 652 3063 usati
662 3014 757 3077 pontias
773 3012 864 3078 lepatns
872 3015 995 3077 princeps3
1013 3014 1049 3064 sio
1061 3015 1129 3063 enim
1142 3015 1282 3076 Gudianus,

133 3133 139 3146 .
162 3104 267 3165 Menap.
278 3103 359 3151 Acad.
373 3108 398 3150 et
410 3116 443 3150 ex
455 3100 507 3149 alio
518 3101 552 3149 ad
564 3100 705 3161 marginem
715 3106 828 3158 notatur,
845 3112 999 3162 quemqnam
1010 3097 1110 3146 nominis
1120 3099 1189 3149 undo
1199 3108 1283 3150 ortum

163 3187 203 3247 sit,
215 3187 294 3247 vides,
303 3199 395 3248 nempe
407 3200 440 3235 ex
452 3200 480 3232 ne
492 3183 561 3232 mins‘s
572 3199 619 3247 pro
632 3199 660 3232 ne
672 3182 754 3232 minos.
772 3184 810 3232 At
822 3190 850 3232 tu
859 3183 971 3232 Plinium
983 3183 1112 3245 scripsisse
1123 3190 1196 3245 puta:
1208 3181 1283 3232 Simi-

124 3312 128 3323 .
164 3269 217 3319 liter
228 3268 344 3330 Lanuvii,
361 3269 403 3318 ali
412 3268 527 3318 Atalante
544 3276 566 3316 et
576 3266 670 3318 Helena
687 3266 790 3315 cominus
802 3267 882 3329 pictae
893 3272 947 3314 sant
958 3264 1037 3314 nudae
1048 3265 1080 3314 ab
1092 3263 1169 3313 eodem
1181 3265 1282 3327 arts'fiee,

162 3360 263 3414 vtraqve
282 3350 476 3400 excellentissima
487 3353 583 3415 forma,
602 3349 647 3398 sed
665 3349 743 3398 altera
758 3357 785 3396 at
800 3350 875 3413 sirpo,
891 3349 1007 3398 aenaim
1023 3347 1116 3411 quidem
1131 3347 1212 3411 templi
1227 3365 1283 3397 con-

162 3450 251 3484 cussae.
277 3430 349 3483 Gaias
361 3433 473 3497 princeps
490 3434 570 3483 tollere
585 3449 627 3482 eas
642 3441 739 3481 conatus
750 3441 792 3495 est,
810 3432 907 3483 libidine
924 3449 1042 3494 moeonas,
1058 3433 1082 3482 si
1092 3431 1183 3481 testorn'i
1193 3439 1283 3480 natura

159 3517 313 3582 permisisset.
332 3518 375 3568 Sia
386 3525 412 3566 et
423 3518 563 3567 Pintiauus.

231 3603 295 3654 cir.
306 3603 353 3652 IV.
368 3599 403 3664 [7,
413 3598 458 3662 22]
475 3599 524 3658 Qut
529 3599 641 3665 princeps
653 3600 757 3651 tabulam
766 3601 876 3665 picturae
884 3598 986 3664 maele]
998 3601 1150 3651 Vossianus:
1162 3599 1283 3662 Dipnatio

162 3695 239 3737 antem
256 3685 391 3752 praecipua
407 3683 499 3735 Romae
514 3684 612 3733 increvit
628 3684 665 3747 (vt
681 3685 797 3749 mistirio)
815 3701 832 3733 a
846 3685 886 3736 M'
905 3683 1002 3736 Valerio
1019 3682 1131 3734 Monimo
1147 3681 1283 3733 Messalla:

158 3772 271 3835 princeps
289 3771 392 3820 tabulam
405 3769 495 3835 pictam
510 3768 607 3833 praelii,
620 3776 666 3819 eto.
690 3771 753 3821 Tres
766 3769 809 3820 alii
822 3784 922 3832 quoque
934 3767 974 3834 τῷ
983 3768 1026 3832 qni
1035 3777 1133 3818 carent:
1151 3769 1194 3817 sed
1207 3768 1282 3817 aliter

161 3864 298 3919 nugantur,
318 3856 476 3905 exhibendo:
502 3853 607 3903 enistim
627 3853 717 3902 valerio
737 3853 841 3902 monimo
860 3851 953 3902 console
972 3868 1022 3902 enm
1042 3850 1146 3900 messala
1162 3851 1281 3915 prmveps.

162 3943 262 3991 Eodem
274 3943 351 3990 modo
361 3941 481 3990 reticetur
490 3953 631 4003 pronomen
642 3939 669 3987 in
680 3937 724 3986 illo
735 3939 817 3987 Taciti
829 3942 867 3987 ll.
879 3937 980 3988 Anno.
992 3929 1156 3987 Meminissent
1167 3932 1193 3984 0.
1202 3933 1285 3983 Asinii

147 4011 185 4074 'el
196 4023 329 4076 Messallae
346 4040 376 4073 ac
388 4024 545 4074 *recentiorum
556 4021 671 4071 Arruntii
680 4030 703 4070 et
713 4020 846 4070 Aesernini.
864 4019 900 4070 ad
909 4037 1001 4070 mmma
1008 4027 1131 4084 provectos
1143 4017 1283 4082 invorrapta

161 4107 213 4155 vita
228 4117 250 4155 et
257 4106 387 4171 facundia.
410 4110 461 4159 Ubi
477 4108 746 4159 frustrasubieoersnt
760 4113 930 4168 provectorum.
957 4105 1032 4156 Adde
1048 4104 1176 4155 ionalis.
1192 4109 1234 4164 85,
1251 4109 1281 4154 1⁴

162 4189 219 4254 [eso
233 4190 302 4252 tos].
