2760 4734
172 255 214 318 80
615 261 620 274 ’
661 275 803 318 anonam

206 423 264 487 [45,
284 423 342 486 130]
365 422 489 474 θενιίονειιι
511 424 635 488 imaginem
657 423 727 473 reddi
746 441 806 474 auro
826 424 935 489 apposito
954 424 1056 487 aversis]
1081 428 1158 478 Voss.
1175 429 1290 492 opposito,
1347 462 1350 467 »

171 511 267 568 melius,
279 517 308 558 ut
319 517 389 572 puto.

205 593 268 644 Gan.
285 592 319 640 X.
337 589 394 653 [47,
413 588 472 651 134]
496 589 526 638 In
542 591 610 654 apris
626 591 675 639 suis
690 591 819 640 sestertiim
836 591 873 641 M.
890 591 930 641 Μ.
948 590 1065 654 possedit]
1090 586 1165 645 Voss.
1182 595 1207 643 in
1223 597 1292 659 apris

170 676 236 727 H-s.
249 669 302 725 OD
309 669 361 722 010
373 673 479 738 possedit
490 675 544 724 sine
553 672 593 739 τῷ
599 674 656 724 suis.
675 675 741 725 Gud.
751 683 831 738 posset
841 691 924 738 mapus
935 675 956 723 is
967 677 1109 726 sestertium:
1118 679 1200 728 Acad.
1210 688 1290 743 posset

170 769 193 809 et
208 760 231 807 in
249 758 318 823 apris
334 758 355 806 is
371 757 513 807 sestertium:
529 759 600 808 Men.
612 758 636 806 in
648 758 715 822 apris
731 758 903 821 cssestertium3
921 768 975 809 tum
988 761 1065 809 iidem
1078 767 1128 811 tres
1140 763 1203 812 XX
1213 763 1291 812 millia

121 851 130 859 ‘
168 842 280 906 possedit.

205 927 268 976 Cur.
281 927 328 977 XI.
347 924 399 987 [49,
414 924 473 986 140]
499 926 566 976 Vasa
581 925 722 988 coquinaria
738 942 767 974 eu
784 934 883 989 arpenta
897 924 984 974 sulcus
1000 934 1082 975 oratu
1090 926 1154 988 fieri
1167 928 1289 991 qrraitur]

170 1011 244 1059 Voss.
261 1025 290 1057 ea
305 1016 403 1072 argento
412 1009 475 1072 steri
492 1007 578 1058 Calvus
595 1017 677 1057 orator
692 1008 799 1071 quiritat.
817 1011 910 1058 Manus
928 1011 1030 1072 sequior
1046 1025 1091 1071 que
1105 1009 1173 1058 lecit.
1200 1010 1290 1060 since-

169 1097 221 1143 rius
232 1094 372 1156 antiquum.
389 1093 437 1141 Est
448 1094 516 1141 enim
528 1092 643 1154 quiritans
659 1101 780 1156 tanquam
797 1095 828 1142 ed
844 1107 898 1141 rem
915 1093 1045 1154 indignam
1059 1092 1196 1153 Quiritium
1212 1094 1290 1143 fidem

170 1179 294 1226 invocare.
312 1176 400 1225 Livius
411 1176 454 1224 lib.
467 1180 499 1225 39
513 1173 568 1237 [8]:
582 1191 645 1239 prae
662 1174 791 1224 ululatibus
808 1183 1015 1239 tympanorumque
1027 1183 1049 1222 et
1060 1174 1218 1238 grabatorum
1230 1185 1290 1224 stre-

168 1261 220 1323 pitu
236 1258 302 1308 nullst
318 1276 363 1308 voss
378 1259 542 1322 quiritantium
558 1257 670 1308 exaudiri
683 1266 785 1322 poterat.
803 1259 924 1308 Valerius
942 1260 1072 1307 Maximus
1090 1265 1113 1320 6,
1131 1256 1212 1320 2[s]:
1232 1258 1291 1310 Vidi

170 1343 247 1394 todem
259 1343 342 1392 babitu
352 1343 511 1406 quiritatuque
520 1343 664 1406 praetorium
677 1343 752 1391 vuum
764 1342 918 1406 Perpernam.

204 1426 293 1491 [Ibid]
313 1427 397 1477 Soleus
413 1443 442 1474 ee
463 1443 523 1475 auro
538 1443 627 1489 quoque
648 1425 744 1475 induere
759 1423 860 1487 solebat]
879 1426 955 1476 Voss.
972 1412 1073 1488 ignorat
1089 1424 1120 1476 τὸ
1138 1427 1239 1489 solebat,
1259 1440 1289 1478 ut

169 1522 193 1561 et
213 1512 383 1561 Academicus
404 1511 593 1574 Gudianusque.
620 1511 774 1572 Intelligitur
794 1511 862 1559 enim
879 1525 912 1558 ex
932 1511 1093 1572 praecedenti
1112 1511 1207 1560 inuenit.
1233 1514 1289 1561 Etsi

169 1604 252 1644 autem
271 1595 353 1642 codex
371 1595 481 1655 optimus
496 1592 605 1654 induere,
624 1594 756 1642 subscribo
772 1601 856 1642 tamen
875 1592 1001 1642 Salmasio
1019 1591 1128 1642 inducere
1143 1595 1239 1658 legenti
1254 1599 1288 1644 nd

168 1678 232 1727 Pell.
243 1677 349 1727 Tertull.
361 1675 397 1739 [p.
408 1673 479 1736 416]
499 1675 608 1737 [Plinius
620 1678 663 1726 lib.
678 1678 700 1736 7,
715 1680 728 1726 7
743 1673 812 1738 [lege
823 1677 921 1739 potius:
935 1683 958 1736 2,
973 1680 995 1737 7,
1008 1681 1031 1736 5,
1045 1674 1103 1738 24]:
1114 1676 1195 1726 Divus
1202 1677 1287 1741 Arpe-

167 1768 216 1808 stus
230 1758 337 1823 prodidit
353 1758 444 1808 unum
460 1758 506 1807 sebi
521 1759 622 1808 calceum
636 1767 791 1823 praepostere
807 1757 935 1820 inductum,
953 1775 997 1821 quc
1014 1757 1053 1807 die
1064 1759 1176 1808 seditione
1187 1759 1289 1808 militari

164 1860 239 1908 prope
255 1843 362 1908 afflictus
378 1850 419 1892 est.
437 1845 479 1893 Ex
490 1840 612 1892 Inserend.
625 1858 649 1906 p.
663 1841 732 1904 845]
752 1843 857 1893 Sueton.
876 1844 965 1894 Octav.
982 1849 1026 1892 92:
1045 1842 1076 1892 si
1092 1859 1160 1892 mane
1175 1844 1222 1892 sibi
1237 1844 1286 1893 cal·

168 1943 220 1976 cens
234 1942 358 1990 perperam
371 1942 400 1974 ac
411 1925 506 1974 sinister
518 1943 564 1990 pro
576 1924 659 1974 dextro
676 1925 829 1975 induceretur.
849 1926 956 1976 Claudio
969 1931 995 1974 8:
1013 1924 1126 1975 Sciebant
1137 1935 1159 1974 et
1169 1928 1286 1975 stertentis

167 2011 275 2060 morsibus
286 2010 349 2058 socci
359 2008 444 2059 induci.
464 2010 558 2059 Caesar
569 2013 600 2060 de
611 2011 680 2060 bello
694 2009 793 2060 Gallico
807 2007 844 2071 [2,
857 2007 914 2071 33]:
930 2009 1002 2058 scutis
1019 2025 1048 2056 ee
1059 2009 1144 2058 cortice
1152 2010 1287 2074 foetiscat

166 2095 292 2144 virninibus
307 2094 410 2155 intextis,
426 2109 487 2156 quae
502 2095 576 2142 subito
590 2093 690 2159 pellibus
706 2092 855 2143 induxerunt.
878 2095 921 2143 lib.
939 2101 962 2143 2.
981 2095 1012 2143 de
1029 2094 1097 2143 bello
1110 2094 1156 2144 cin.
1175 2092 1227 2155 [10‚
1246 2092 1287 2154 6];

167 2195 242 2242 supra
260 2177 330 2238 [cum
342 2186 446 2227 recentt.
458 2179 594 2240 legendum
607 2175 688 2242 super]
707 2177 792 2226 lateres
804 2179 868 2226 coria
880 2176 1028 2226 inducuntur.

210 2261 272 2324 [aa
296 2259 359 2322 nr]
387 2260 478 2318 cucco
497 2259 689 2310 mustaceus
708 2261 796 2310 axx
813 2260 847 2310 ru
862 2257 942 2323 pono
964 2259 1101 2322 tranare]
1125 2262 1199 2311 voss.
1222 2245 1287 2309 IJ'TJ

169 2345 352 2397 CCCLXXX.
365 2345 393 2392 ob
406 2343 533 2393 transtulit.
552 2344 631 2394 Cuius
646 2345 784 2407 scripturae
801 2359 834 2393 ex
846 2352 917 2406 parte
928 2345 1009 2394 Acad.
1022 2345 1091 2394 Men.
1104 2353 1129 2393 et
1141 2345 1208 2394 Gud.
1221 2361 1284 2407 qua-

167 2438 218 2478 tuor
235 2428 418 2493 quadriupentos
434 2427 522 2478 LXX
534 2427 626 2476 obsides
643 2426 769 2476 transtulit.
796 2429 834 2477 At
853 2428 917 2476 illud
938 2428 966 2475 ob
985 2428 1049 2476 nihil
1068 2427 1136 2475 aliud
1157 2429 1285 2490 significat

167 2531 242 2578 quam
252 2513 343 2578 pondo:
355 2519 473 2576 quatuor,
484 2513 574 2575 inquit,
587 2511 667 2560 millia
679 2520 791 2561 trecenta
803 2512 936 2573 octoginta
946 2513 1032 2575 pondo
1044 2510 1179 2560 transtulit.
1370 2572 1373 2580 Δ

201 2597 263 2661 [nu]
285 2598 418 2662 Africanus
434 2596 459 2644 in
480 2595 596 2659 triumpho
612 2594 724 2644 militibus
740 2593 833 2645 XVII
843 2593 919 2642 millia
938 2593 1017 2656 pondo
1034 2592 1109 2655 dedit]
1131 2596 1213 2646 Nimis
1229 2612 1285 2646 ma·

166 2697 243 2745 gnam
260 2681 422 2744 largitionem
439 2695 502 2729 aevo
520 2679 565 2728 illo
582 2681 695 2728 restricto
707 2680 809 2742 Lipsius
825 2687 901 2728 vocat
913 2685 935 2727 2.
955 2679 1052 2728 Admir.
1066 2685 1089 2739 8,
1108 2687 1134 2728 et
1150 2680 1207 2742 plus
1224 2682 1284 2729 satis

164 2766 227 2826 lore,
243 2766 263 2814 si
276 2766 326 2813 sint
336 2771 422 2825 septem
434 2761 509 2810 millia
517 2761 606 2825 pondo.
623 2763 731 2824 Pighius
743 2763 830 2811 deesse
841 2763 939 2824 aliquid
950 2762 1109 2822 conficiebat,
1127 2772 1153 2813 et
1164 2762 1284 2826 supplen-

165 2852 225 2900 dum
246 2849 333 2896 locum
353 2848 402 2895 hoc
422 2846 511 2894 modo:
537 2845 561 2893 in
583 2843 698 2908 triumplu
721 2843 841 2893 transtulit
860 2844 952 2896 XVII
968 2844 1044 2893 millia
1062 2844 1153 2908 pondo,
1174 2846 1287 2896 militibus

164 2931 317 2996 septendecim
333 2929 412 2994 pondo
429 2929 501 2979 dedit.
526 2930 603 2990 Quod
619 2930 717 2992 argenti
735 2929 756 2978 si
772 2930 902 2994 habuisset
917 2929 1063 2990 Numantia,
1080 2931 1162 2981 multo
1176 2931 1284 2980 celerius

165 3017 338 3067 succubuisset
358 3015 487 3065 Romanis.
523 3014 595 3074 Quae
616 3023 699 3063 eutem
722 3013 821 3075 largitio
842 3015 869 3062 in
889 3014 995 3062 militem
1014 3012 1169 3076 septendecim
1186 3011 1283 3075 pondo?

164 3110 261 3163 septem
276 3101 356 3149 millia
373 3100 473 3148 ducenti
490 3098 604 3147 nummi?
640 3098 781 3147 Vossianus
797 3112 843 3146 nos
860 3098 990 3160 expediet,
1013 3099 1039 3145 in
1056 3112 1107 3159 quo
1126 3099 1162 3147 sie
1178 3097 1284 3160 legitur:

164 3183 228 3246 quod
244 3200 359 3232 maurum
375 3192 459 3246 postea
470 3190 591 3245 apparatu
604 3166 667 3230 victa
680 3181 813 3230 Numantia
824 3179 922 3243 quidam
941 3178 1020 3228 dilata
1036 3179 1097 3228 idern
1109 3179 1242 3244 Africanus
1258 3180 1285 3228 in
1370 3178 1373 3183 ’

164 3266 281 3330 triumpho
303 3265 413 3314 rnilitibus
430 3264 521 3315 XVII
534 3264 612 3313 dedito
628 3265 689 3312 viros
705 3263 754 3313 illo.
782 3265 880 3314 Scribe:
901 3263 955 3314 Hoc
975 3264 1070 3327 arpenti
1089 3271 1139 3312 tota
1163 3261 1284 3327 Cartbaqo

164 3349 245 3397 babuit
260 3348 303 3397 ilia
324 3356 440 3396 terrarum
456 3346 561 3407 aemula,
583 3355 640 3409 quot
656 3363 786 3399 mensarum
805 3355 889 3410 postea
909 3354 1029 3410 apparatu
1047 3346 1124 3394 uicta!
1148 3344 1285 3396 Numantia

164 3431 256 3495 quidem
278 3429 355 3479 deleta
374 3429 435 3478 idem
450 3431 584 3492 Africanus
599 3430 624 3478 in
641 3429 757 3493 triuruplro
774 3429 885 3480 militibus
902 3431 934 3480 X
955 3428 1010 3480 VH
1021 3428 1093 3480 dedit.
1123 3429 1222 3479 artos
1242 3428 1286 3478 illo

164 3516 304 3579 imperatore
319 3513 409 3578 dignos,
426 3513 511 3575 quibus
528 3513 640 3562 bocsotis
650 3513 711 3570 suit!
728 3514 860 3577 Significat
877 3516 971 3564 multas
989 3524 1080 3577 postea
1092 3513 1169 3563 fuisse
1180 3528 1284 3564 mensas

163 3603 270 3661 Romae,
288 3602 314 3648 in
327 3599 418 3662 quibus
430 3598 536 3658 singulis
548 3598 604 3662 plus
617 3597 691 3647 fuerit
702 3601 799 3661 argenti
811 3600 956 3661 expositum
973 3613 1019 3661 per
1030 3599 1146 3647 solennia
1157 3599 1283 3660 convivia,

164 3701 239 3749 quam
260 3694 320 3735 tunc
340 3684 469 3733 redactum
491 3690 529 3731 eat
549 3697 581 3732 ex
602 3685 679 3732 totius
696 3683 859 3745 Carthaginis
880 3683 978 3745 opibus.
1007 3684 1063 3732 Aut
1083 3682 1104 3731 si
1124 3685 1155 3732 de
1175 3684 1285 3744 singulis

163 3772 269 3820 nimium
292 3777 342 3830 est,
363 3781 504 3832 paucarum
521 3768 658 3815 admodum
680 3781 824 3816 mensarum
844 3774 994 3828 apparatum
1012 3767 1110 3816 Romae
1129 3767 1285 3817 luxuriantis

162 3855 219 3918 plus
232 3853 343 3903 effecisse
354 3854 474 3902 librarum
488 3851 592 3912 argenti,
603 3865 679 3912 quam
692 3860 745 3900 tum
759 3851 880 3913 temporis
892 3852 975 3899 omnis
988 3850 1127 3913 Carthago.
1139 3850 1183 3900 lib.
1195 3857 1236 3912 36,
1252 3857 1282 3901 15

164 3935 309 4000 [24,109]=
325 3936 363 3986 M.
381 3933 475 3998 Lepido
495 3933 524 3991 Q.
544 3930 627 3982 Oatulo
646 3931 710 3982 Coss.
728 3932 809 3982 domus
825 3931 946 3996 pulclrrior
961 3933 1071 3996 nonfuit
1086 3931 1192 3995 Romae,
1211 3950 1283 3997 qaam

162 4020 252 4084 Lepidi
267 4020 355 4084 ipsius:
375 4027 402 4067 at
418 4017 509 4068 ltercule
525 4017 589 4066 intra
606 4033 681 4065 annos
697 4017 818 4068 XXXV
830 4015 911 4065 cadem
927 4016 1073 4066 centesimum
1090 4015 1163 4066 mcum
1180 4033 1225 4064 non
1242 4018 1284 4066 ob·

164 4104 240 4152 tinuit.
261 4103 382 4167 Computet
397 4104 421 4152 in
438 4103 482 4152 bac
500 4101 660 4152 aestimatione
676 4102 718 4164 qui
733 4101 793 4150 volet
808 4117 949 4150 marmorum
966 4100 1054 4162 molem
1072 4117 1145 4164 opera
1158 4101 1284 4164 pictorum,

163 4184 281 4248 impendia
301 4185 393 4250 regalia
420 4196 442 4235 et
462 4203 512 4236 cum
536 4185 696 4251 pulcherrima
717 4184 927 4255 laudatissimaque
948 4192 1064 4233 certantes
1089 4192 1178 4233 centurn
1203 4182 1284 4232 domos
