2760 4734
504 288 609 329 NOTAE
624 286 668 328 An
682 287 765 329 LIBR.
781 287 875 328 XXXI.

436 450 540 498 quaeque
552 434 594 485 diu
605 445 719 486 steterant
730 437 755 486 in
766 437 881 486 montibus
893 435 951 495 alni,

334 517 457 568 Fluctibus
469 520 553 583 iynctis
564 520 708 569 exsultavere
719 521 825 570 carinae.

125 604 166 657 Ut
178 607 279 669 quidem
291 603 364 651 illum
376 604 501 666 scripsisse
514 607 698 667 propemodum
707 621 753 668 pro
766 613 834 654 certo
847 603 980 653 hebemus:
999 604 1045 653 etsi
1062 603 1126 664 libri,
1144 602 1169 650 in
1185 618 1249 652 mon·

127 691 190 739 tibus
202 688 265 736 altis.
294 690 348 737 Eue
364 697 448 736 sectae
464 695 489 736 et
506 695 632 749 mutatae,
651 696 680 737 ut
696 689 746 738 sint
763 690 871 737 carinae.
901 687 943 737 Sic
955 685 997 736 lib.
1012 691 1034 747 5,
1048 692 1109 736 455:
1138 685 1174 736 Et
1189 690 1311 749 quartos

126 772 198 821 moda
210 770 308 820 bracbia
318 770 398 834 yessit,
409 787 482 820 crura
492 771 561 834 yerit.

166 855 230 904 cn».
243 854 292 902 III.
312 852 365 915 [22,
378 852 423 915 ³6]
446 853 554 902 Amarae
570 862 594 902 et
609 870 669 917 quae
686 857 788 903 scrobem
800 855 880 903 statim
893 851 1000 917 implent]
1025 855 1097 914 Quae
1114 865 1174 902 vero
1190 853 1250 902 illae

127 947 189 989 sunt
200 953 290 1001 aquae,
302 952 367 1000 qnae
379 938 493 988 scrobem
505 940 590 988 statim
602 939 726 1001 implenti
751 940 837 1010 Liber,
845 941 955 1001 optimus
972 938 1058 997 hebet,
1075 952 1136 999 quae
1152 936 1249 985 sarbem.

127 1024 208 1083 Lege,
221 1037 282 1083 quae
294 1028 388 1083 carptae
399 1021 479 1068 statim
492 1020 596 1084 implent.
615 1022 746 1071 Hactenus
759 1019 774 1069 ὁ
787 1019 855 1070 πάνυ
868 1021 1023 1071 adSolinum
1035 1035 1093 1084 pag.
1102 1025 1157 1070 115.
1175 1021 1250 1070 Adeo

126 1104 246 1168 placebat
258 1106 311 1163 sibi,
324 1113 351 1153 nt
363 1104 450 1154 mallet
461 1106 580 1168 ignorare
592 1107 705 1154 omnium
717 1107 801 1155 adhuc
813 1113 979 1155 tractatorum
996 1106 1113 1153 codicum
1125 1105 1250 1167 optimum

127 1202 184 1237 esse
196 1188 383 1247 Chifletiunum,
402 1195 428 1236 et
443 1188 471 1236 in
483 1203 514 1238 eo
526 1188 578 1250 legi
589 1190 726 1250 sorbentem,
745 1204 823 1252 quam
840 1189 992 1239 levissimam
1009 1189 1181 1237 coniectorem
1193 1200 1250 1251 per·

127 1275 195 1322 dere.
214 1272 355 1321 Vossianus
368 1271 520 1321 Ohifletieno
532 1273 674 1322 subscribit.

166 1353 218 1416 [23,
232 1353 276 1416 40]
294 1354 473 1419 Aquofriyida
485 1355 573 1404 iniecta
589 1355 681 1404 sistitur
697 1353 808 1418 sanyuis]
832 1357 908 1406 Voss.
926 1354 1026 1418 inyesta.
1048 1354 1154 1405 Plautus
1170 1356 1250 1405 Pseu·

127 1438 191 1488 dolo
206 1444 256 1499 l,u
275 1437 327 1500 [tt.
345 1455 381 1489 vs.
396 1443 452 1489 157.
464 1438 613 1501 Ritschel.]:
635 1440 672 1489 tu
683 1439 725 1502 qui
735 1454 819 1487 urnam
836 1439 915 1500 labes,
931 1455 1019 1502 aquam
1033 1439 1119 1502 inyere.
1137 1439 1187 1487 hoc
1204 1439 1249 1487 lib.

128 1535 185 1584 cap.
201 1526 213 1572 7
228 1519 281 1584 [39,
294 1521 351 1584 82]:
363 1538 376 1570 e
383 1523 463 1586 puteis
474 1524 578 1584 acfonte
590 1539 678 1586 aquam
691 1524 715 1571 in
726 1521 818 1571 salinas
829 1522 945 1588 inyerunt.
963 1524 1063 1573 Deinde
1076 1523 1151 1584 idem,
1164 1521 1250 1570 Aestus

128 1604 156 1652 in
169 1603 276 1655 balineis.

165 1686 217 1750 [27,
235 1688 279 1751 44]
307 1688 343 1738 Et
358 1689 427 1740 alnus
443 1699 465 1740 et
481 1691 543 1740 uites
559 1700 601 1739 aut
618 1689 717 1753 ledere]
742 1692 878 1742 nobiter.
894 1693 1043 1755 porrigunt,
1064 1698 1108 1738 aut
1127 1691 1186 1739 uites
1208 1699 1251 1739 aut

127 1770 230 1820 arando.
248 1773 333 1823 Nostri
344 1776 462 1837 quinque,
476 1783 518 1823 aut
530 1775 592 1824 viter
603 1783 646 1824 aut
656 1773 765 1824 harundo
776 1783 819 1823 aut
829 1774 924 1823 bedera.

165 1853 217 1916 [28,
235 1854 279 1918 47]
301 1857 416 1921 Fiyulari
425 1866 491 1906 creta
502 1874 593 1922 semper
604 1857 718 1906 adimitur
732 1857 797 1921 spes]
820 1859 896 1908 Voss.
913 1866 942 1908 ut
959 1867 986 1907 ot
1003 1857 1104 1907 chium.
1126 1855 1250 1921 Fiyularis

127 1924 197 1987 creta
207 1955 297 2003 semper
309 1939 394 1990 adimit
408 1958 468 2005 spes.
495 1943 579 2004 Lege,
595 1957 667 2005 spem.
694 1941 725 1989 In
741 1942 844 2004 Andeg.
861 1956 946 1990 rursus
963 1941 1006 1990 hic
1019 1942 1113 1990 lacuna
1133 1954 1148 1988 e
1167 1940 1250 1990 verbis

124 2020 251 2081 fodiuntur
267 2025 390 2073 aestuaria
406 2041 467 2088 quae
482 2042 529 2089 yra
550 2040 631 2089 usqne
648 2028 680 2076 ed
692 2030 776 2089 capti
795 2023 847 2087 [33,
866 2021 910 2085 62]
929 2024 1019 2088 secisse
1033 2032 1088 2087 post
1104 2021 1249 2073 consulatum

128 2121 283 2156 memmimus.

164 2190 228 2240 Cer.
241 2193 289 2242 IV.
303 2190 355 2253 [28,
369 2189 412 2253 51]
437 2193 468 2242 Ut
479 2192 544 2240 circa
559 2189 694 2256 Olympum]
713 2193 788 2241 Voss.
805 2189 938 2255 Olynthum.

165 2275 228 2326 Otr.
240 2277 274 2325 V.
288 2274 341 2338 [dl,
357 2274 400 2338 55]
419 2276 488 2327 Sicut
498 2274 651 2340 Babyloniae
664 2273 729 2324 lacus
740 2272 842 2336 aestate]
861 2276 937 2325 Voss.
946 2273 1080 2338 Babylone.

165 2360 229 2410 Otr.
241 2361 287 2410 VI.
302 2358 354 2422 [31,
369 2357 412 2421 57]
431 2359 609 2408 Libramentum
626 2375 704 2423 aquae
720 2359 744 2407 in
761 2367 867 2408 centenos
875 2357 948 2422 pedes
959 2374 1050 2407 sursum
1063 2357 1116 2407 elici
1132 2358 1249 2406 minimum

127 2441 187 2505 erit]
197 2445 268 2494 Haec
279 2446 378 2507 integra
389 2460 441 2494 non
454 2454 520 2495 sunt.
531 2445 657 2495 Academ.
668 2443 693 2492 in
705 2450 811 2492 centenas
820 2442 892 2506 pedes
903 2442 1039 2493 sicilicimus
1049 2442 1170 2491 inuenerit.
1183 2441 1250 2492 (iud.

126 2525 258 2576 sicilicimrs
273 2529 379 2577 mimerit.
406 2531 474 2578 Men.
491 2527 578 2576 sicilici
593 2527 744 2576 misnumerit.
769 2528 844 2576 Voss.
856 2526 943 2575 sicilici
952 2526 1022 2575 minis
1034 2526 1139 2575 numerit.
1163 2527 1248 2584 Forte,

126 2610 217 2659 sicilici
226 2610 343 2660 minimum
356 2614 407 2662 crit.
425 2613 469 2664 lib.
485 2620 523 2673 la,
540 2617 569 2662 15
584 2610 637 2674 [29,
651 2609 711 2673 94]:
728 2609 788 2660 Item
800 2627 817 2660 a
828 2609 917 2661 Nomio
932 2610 969 2661 Ίῖ.
991 2609 1102 2660 Cameris
1114 2609 1196 2659 liberto
1207 2624 1248 2656 na·

127 2711 181 2743 men
195 2695 315 2758 trahentis,
329 2697 401 2746 tribus
412 2697 510 2747 sicilicis
522 2697 588 2761 infra
601 2704 702 2760 quatuor
711 2694 790 2760 pedes,
804 2694 897 2744 totidem
909 2695 976 2759 infra
986 2692 1124 2758 semipedem
1136 2694 1248 2742 crassitu-

128 2777 200 2828 dinis.
218 2780 319 2842 ibidem,
332 2794 434 2829 mensam
447 2790 548 2845 quatuor
555 2779 629 2845 pedes
640 2788 747 2829 sextante
763 2788 786 2828 et
800 2779 889 2829 sicilico
901 2778 1053 2828 excedentem.
1078 2778 1175 2839 Quarta
1191 2793 1249 2841 pers

128 2862 252 2925 cuiusque
268 2866 358 2913 unciae
373 2864 475 2913 sicilicus
487 2874 537 2928 est;
556 2867 598 2914 hic
610 2865 719 2928 pollicis,
732 2866 809 2915 triens
821 2865 901 2926 digiti.
924 2866 985 2914 Plus
998 2864 1104 2926 requirit
1114 2861 1248 2911 Vitruvius

127 2946 173 2995 lib.
187 2951 210 3007 8,
225 2951 237 2996 7
253 2945 344 3008 [init.]:
363 2946 395 2997 Si
404 2946 534 3008 canalibus,
547 2956 574 2995 ut
584 2955 705 2995 structura
709 2947 763 3009 fiat
773 2963 845 3009 quam
857 2945 1009 3005 solidissima,
1026 2944 1145 3007 solumque
1157 2944 1205 2991 rivi
1220 2942 1248 2991 li·

128 3030 252 3076 bramenta
265 3030 351 3077 lrabeat
353 3029 487 3092 sastiyata‚
505 3045 533 3078 ne
544 3029 620 3077 minus
631 3029 656 3077 in
668 3036 773 3077 centenos
784 3026 859 3091 pedes
874 3026 997 3089 semipede,
1016 3042 1103 3090 eaeque
1117 3034 1248 3074 structurae

127 3112 325 3175 consummentur,
338 3119 363 3159 ut
375 3111 468 3159 minime
478 3109 515 3159 sol
525 3127 614 3173 aquam
626 3118 717 3175 tanyat.
735 3112 784 3161 Ubi
791 3110 1042 3161 annotetPhilander
1048 3112 1136 3160 aetatis
1148 3118 1248 3160 nostrae

127 3197 263 3246 libratorcs
275 3198 301 3244 in
314 3205 447 3246 sexcentos
459 3197 536 3258 pedes
548 3204 648 3244 tuntum
662 3195 802 3257 deprimere
814 3194 941 3258 pollicem,
954 3195 979 3244 id
991 3203 1037 3253 est,
1053 3204 1163 3257 quatuor
1174 3195 1248 3243 sicili-

128 3296 188 3340 cos,
207 3282 232 3328 in
245 3289 365 3330 centenos
377 3279 511 3330 sextulam.
531 3279 574 3329 Sic
586 3287 611 3329 et
623 3295 637 3329 e
648 3294 694 3330 suo
706 3279 846 3329 Pincianus.

168 3362 220 3425 [32,
235 3363 278 3426 59]
298 3364 349 3412 Aut
359 3362 433 3412 simili
444 3364 522 3411 morbo
538 3361 632 3425 solutis]
655 3365 730 3414 Voss.
748 3361 823 3411 simili
838 3361 912 3411 modo.
936 3376 1017 3424 neque
1035 3363 1110 3412 uliter
1126 3372 1178 3413 tres
1195 3363 1247 3423 alii,

128 3451 173 3511 qui
191 3451 264 3497 nobis
282 3452 401 3498 serviunt.
588 3499 590 3505 ,

165 3530 250 3593 [ibid]
274 3531 344 3581 tltils's
357 3540 390 3580 est
403 3531 498 3581 bibenda
510 3539 582 3595 atque
595 3530 788 3595 puryatianibus]
809 3533 870 3582 Vox
882 3530 946 3580 utilr'rr
958 3545 1011 3581 uon
1024 3533 1098 3582 estin
1111 3531 1247 3592 Vossiano,

130 3617 225 3679 quippo
238 3619 376 3679 repetenda
388 3631 463 3666 sensu
476 3632 489 3665 e
502 3617 682 3680 superioribus,
699 3624 728 3664 ut
743 3617 853 3678 legetur:
871 3613 918 3664 Est
934 3623 1012 3666 autem
1030 3613 1097 3664 utilis
1108 3613 1249 3678 sulphurata

128 3701 214 3759 neruis,
227 3699 360 3748 aluminata
371 3699 513 3764 paralyticis
524 3708 569 3748 aut
577 3698 653 3748 simili
662 3698 729 3748 modo
740 3698 835 3762 solutis5
854 3700 994 3748 bituminata
1005 3705 1049 3746 aut
1059 3698 1158 3760 nitrosa,
1171 3698 1250 3761 qualis

132 3782 222 3832 Cutilia
238 3793 279 3844 est,
299 3782 395 3832 bibendo
411 3792 481 3847 atque
497 3783 684 3848 puryaticnibus.
708 3783 774 3835 Gud.
786 3785 866 3834 Aean.
879 3785 982 3846 Menep.
1000 3779 1079 3844 qualis
1091 3781 1156 3831 utiles
1167 3790 1202 3831 est
1214 3782 1250 3831 bi-

128 3867 209 3917 bendo.
233 3869 313 3918 Vides
329 3865 359 3916 τὸ
374 3867 438 3916 utilis
454 3877 600 3932 corruptum
618 3882 673 3919 esse
692 3866 722 3916 ἐκ
735 3867 784 3917 τοῦ
799 3865 895 3928 Cutilia,
913 3868 1003 3917 deiude
1014 3874 1147 3930 utrumqne
1159 3883 1249 3920 vocem

129 3955 273 4004 admissam.
298 3954 429 4003 Vitruvius
441 3953 485 4001 lib.
499 3959 523 4014 8,
536 3959 551 4002 3
566 3951 670 4015 [med.]=
694 3950 837 4016 Sulphurosi
848 3951 928 4015 fenus
944 3967 1066 3999 neruorum
1084 3949 1176 4000 labores
1191 3951 1249 4014 refi-

128 4037 201 4097 ciunt,
215 4046 262 4087 etc.
286 4036 427 4098 Aluminoss,
439 4053 490 4085 cum
503 4035 618 4085 dissoluta
629 4038 733 4086 membra
744 4051 867 4100 corporum
875 4033 991 4099 paralysi
1000 4043 1044 4083 aut
1058 4033 1142 4098 aliqua
1152 4034 1179 4084 ui
1188 4051 1250 4084 mor·

130 4121 160 4181 bi,
173 4130 219 4170 etc.
237 4120 386 4170 Bituminosi
395 4128 472 4169 autem
485 4120 604 4170 interioris
612 4121 718 4186 corporis
726 4121 786 4170 uitia
794 4120 929 4186 potionibus
938 4118 1066 4184 puryando
1074 4118 1148 4169 solem
1153 4116 1249 4167 mederi.

1026 4201 1045 4265 5
