2760 4734
174 285 215 349 36
662 300 803 345 anonam

174 458 327 522 probantur?
345 456 458 505 Probant
470 460 563 514 autem,
581 453 624 515 qni
640 459 782 513 vescuntur,
798 449 888 511 salute,
906 450 929 499 ri
944 464 1008 500 non
1025 448 1179 515 amarint,
1196 453 1305 513 exiliari

174 540 306 590 adfuerint.

209 623 263 686 [46,
276 620 320 683 94]
342 620 577 684 Deprehendisaeque
588 620 637 668 nisi
646 617 762 684 opreatea]
785 618 969 671 salmonum:
990 616 1199 683 Damam
1209 618 1254 684 qm',
1266 619 1306 669 aa

174 716 285 771 oannes,
301 710 415 768 possuntt

209 788 262 851 [⁴⁶2
269 787 314 850 95]
329 789 427 838 Ducunt
438 786 546 851 pratalia
557 786 623 848 vitia,
636 802 698 835 nunc
709 784 813 850 prudent]
827 786 945 835 Verbum
960 784 1067 849 duam,
1076 787 1171 851 lnquit
1179 789 1304 847 Pntmua

175 877 343 924 desecandum
355 881 381 923 et
390 886 530 936 pronomen
542 871 592 935 ipsi
605 871 777 934 superioribus
791 870 1027 933 agglutinandum:
1046 874 1126 934 qnod
1138 878 1225 922 autem
1234 872 1304 935 sequi·

176 969 223 1018 tur,
240 956 302 1006 Alia
313 956 379 1017 vitia,
396 970 456 1003 nunc
467 953 561 1017 quidem
572 953 595 1001 εἰ
605 953 726 1017 serpentis.
743 953 810 1005 Sane
821 950 911 1001 ducunt
924 953 1010 1002 ctiam
1023 954 1139 1017 ignorat
1149 956 1239 1005 melior
1246 954 1305 1005 Vot-

176 1044 272 1092 sianus:
290 1043 334 1090 sed
346 1047 371 1088 ct
381 1040 447 1088 idem
460 1053 517 1088 cnm
530 1037 647 1087 omnibns
659 1037 715 1086 aliis
726 1037 819 1086 nostris
830 1043 856 1085 et
867 1034 1040 1098 chifletiano,
1052 1052 1088 1085 ne
1100 1036 1209 1101 quidm.
1228 1040 1304 1089 Forte:

176 1123 262 1187 Aliqui
277 1122 389 1186 collipunt
403 1121 452 1185 lpsl
464 1120 515 1169 alla
531 1120 597 1181 vitia,
615 1120 640 1168 in
656 1119 747 1183 qulbus,
762 1119 786 1167 ai
799 1119 915 1181 serpentis
930 1134 1045 1168 caverna
1065 1120 1145 1170 iuxta
1153 1122 1240 1186 suerit.
1259 1122 1306 1173 itui

176 1208 260 1258 malis:
281 1214 352 1270 atque
367 1205 409 1269 qul
424 1203 552 1269 colligunt?
573 1204 672 1253 Duarum
688 1202 737 1266 ipss*
752 1200 803 1251 alra
818 1201 885 1262 attic,
903 1202 1034 1264 equibus.
1059 1204 1138 1255 Nam
1157 1205 1225 1256 Gnd.
1236 1206 1305 1257 nest.

175 1296 278 1357 Menap.
291 1300 419 1353 utcunque
430 1291 473 1339 hic
485 1291 597 1352 corrupti
608 1288 704 1337 habent
715 1296 800 1336 tamen
811 1284 891 1335 diasat
902 1285 951 1349 ipsi
961 1285 1021 1335 alia
1033 1287 1105 1337 aitr'a
1117 1288 1233 1353 eamden.

210 1376 275 1427 Car.
286 1373 389 1425 XXIII.
407 1370 460 1433 [tn
473 1369 517 1432 91]
540 1370 607 1430 Fica,
620 1368 707 1431 ferula
723 1377 746 1417 et
759 1367 1011 1433 aummlsersntibuc]
1036 1370 1132 1423 Accd.
1147 1374 1228 1437 ailad.
1249 1374 1305 1427 (lad.

176 1461 263 1523 primia.
290 1460 365 1507 Voss.
382 1458 483 1518 Andcg.
499 1454 627 1518 puminum.
654 1456 723 1503 Men.
742 1449 815 1516 punt.
842 1450 961 1515 Optimus
984 1456 1120 1517 cummim,
1151 1458 1190 1509 Et
1207 1460 1242 1509 ric
1259 1474 1306 1509 um

176 1557 266 1591 vocem
283 1541 349 1591 idem
367 1541 448 1588 codex
464 1537 559 1587 format
574 1544 614 1586 tot
629 1538 701 1598 loeis,
719 1546 755 1598 ut,
774 1537 871 1585 etiarnsi
887 1536 960 1587 solua
977 1536 1095 1602 Iaceret,
1114 1550 1306 1606 appararetrnar

178 1627 263 1675 Plinii.
286 1624 338 1673 Sed
354 1624 448 1686 passim
466 1623 617 1671 confinnant
634 1629 660 1670 et
674 1622 725 1669 alii.
747 1620 825 1670 Libro
837 1625 878 1669 23.
894 1620 921 1668 ln
938 1621 1072 1684 praelat-z
1092 1622 1306 1683 Lucrinam

178 1725 238 1772 quae
253 1706 326 1756 veluti
339 1705 440 1769 qummls
457 1712 498 1753 est.
523 1703 655 1754 consentit
667 1706 744 1754 Voss.
756 1703 829 1752 alter.
846 1702 903 1752 Lib.
916 1708 957 1764 24,
974 1708 986 1752 1
1004 1703 1043 1767 [1,
1058 1704 1109 1769 3]ι
1132 1708 1306 1761 Gamalam

170 1791 274 1855 facilius
289 1789 381 1839 eluitur.
398 1789 441 1838 ubi
458 1803 491 1837 ex
504 1787 605 1837 chiflet.
621 1795 713 1836 notant
730 1785 820 1836 commi.
837 1787 961 1837 Eiusdem
973 1802 1033 1853 cap.
1047 1794 1067 1839 9
1086 1788 1148 1853 [87,
1161 1790 1220 1855 bd]=
1239 1792 1305 1843 Um

178 1877 251 1924 arbor
270 1874 324 1938 ipsa
343 1870 444 1921 exsudat
462 1871 589 1935 cummium
613 1869 689 1919 modo.
719 1884 768 1920 nec
792 1870 867 1920 alitor
889 1870 1028 1933 Andeguv.
1051 1881 1083 1925 ct
1107 1874 1182 1927 Gan.
1203 1876 1263 1941 021).
1278 1882 1305 1927 lt

180 1958 234 2021 [47‚
247 1957 306 2020 80]:
328 1956 445 2007 Gummim
462 1956 533 2003 etiam
550 1955 575 2003 in
592 1953 681 2002 hedera
696 1961 820 2016 quaerunt,
831 1969 901 2016 quam
913 1968 942 2001 ca
952 1962 1025 2003 aceto
1036 1956 1201 2009 utilissimam
1212 1958 1305 2009 mma

176 2044 323 2105 promittuut.
346 2041 388 2091 Sic
400 2054 489 2088 omncs
500 2040 585 2100 iidem,
603 2047 648 2088 aut
662 2039 767 2087 omnino
783 2046 828 2087 ant
843 2037 965 2086 maiorem
983 2048 1105 2101 partem.
1129 2044 1198 2093 Item
1214 2056 1266 2107 cap.
1278 2048 1301 2093 ll

180 2123 323 2189 [64‚105]:
344 2123 476 2173 Gummium
490 2137 578 2186 yenera
594 2120 703 2182 dlct'mus,
720 2130 768 2170 etc.
789 2120 906 2170 Denttltus
923 2120 1025 2170 lauta'les
1039 2133 1127 2175 erunt.
1154 2126 1206 2177 Ubi
1221 2126 1304 2177 frustm

178 2209 358 2270 Dalecampius
370 2206 471 2268 inutilia,
485 2208 556 2269 quasi
572 2221 623 2255 non
635 2214 754 2268 sequatur
766 2203 833 2262 Quae
844 2220 874 2252 ec
884 2202 1019 2268 ampqdala
1030 2222 1132 2257 amara
1143 2218 1181 2259 ert
1190 2220 1216 2261 et
1224 2210 1304 2261 namt

179 2291 261 2341 inlitae
273 2300 360 2342 etcum
369 2307 443 2355 passo
452 2298 530 2354 potae.
549 2291 593 2339 lib.
607 2295 648 2350 25,
661 2294 676 2337 9
690 2287 743 2350 [61,
758 2286 817 2350 108]
836 2295 1018 2337 concrescentem
1028 2293 1144 2354 yummr‘c
1159 2292 1227 2343 modo
1236 2292 1303 2343 tul

182 2374 219 2424 dis
232 2374 294 2424 locis.
312 2377 356 2424 lib.
370 2381 410 2436 26,
426 2380 438 2425 7
453 2372 507 2435 [25,
521 2372 578 2434 tl]:
597 2371 686 2421 lacteus
700 2388 790 2432 mactra,
807 2372 849 2434 qul
858 2369 969 2420 mmmm
980 2371 1008 2421 a'n
1018 2375 1154 2437 cummim.
1170 2376 1215 2429 lit.
1226 2382 1265 2439 2⁷,
1275 2382 1302 2427 tr

181 2457 234 2520 [97.
244 2458 317 2522 123]:
330 2456 537 2522 praecisosruta'ce
549 2455 593 2504 dat
603 2472 695 2505 succum
705 2456 796 2520 qumml
803 2454 909 2505 nmium.
921 2456 971 2506 Ma.
979 2458 1128 2520 pummt‘ssr'r
1137 2458 1219 2509 rr'mlla'.
1233 2460 1302 2523 Im.

178 2541 308 2603 qummtbua
326 2540 432 2589 similem.
459 2543 549 2589 eodem
570 2556 625 2604 cap.
646 2546 676 2589 13
694 2538 764 2601 [115‚
783 2537 856 2600 ltl]:
877 2554 959 2588 suamc
973 2539 1027 2589 et'us
1043 2540 1146 2593 lacteus
1162 2542 1188 2593 t‘n
1201 2554 1302 2609 με·

179 2627 304 2688 epuratur.
322 2626 365 2673 lib.
378 2630 418 2685 32,
431 2629 463 2673 33
476 2621 585 2687 [potiusz
604 2630 644 2686 32,
658 2630 682 2684 2,
697 2631 737 2685 13,
750 2621 795 2685 27]
805 2622 900 2686 fraude
911 2622 1092 2675 cont'r'ca'entium
1102 2628 1228 2692 punctim
1243 2626 1303 2679 ΕΜ

179 2709 299 2757 iudicium
309 2710 352 2757 fiat
363 2711 394 2757 de
406 2709 518 2757 caeteris.
532 2706 599 2768 [Lib.
609 2713 647 2769 11,
655 2712 669 2755 9
678 2706 713 2770 [1,
722 2705 777 2769 17];
793 2706 907 2771 Gipna'tur
918 2714 996 2754 autem
1008 2724 1066 2756 rara
1075 2726 1157 2759 aeram
1168 2718 1191 2759 at
1200 2710 1303 2759 aalma

179 2806 253 2850 succo,
269 2790 358 2853 qnmmi
371 2789 446 2839 modo.
470 2791 536 2840 Gud.
554 2798 580 2839 et
593 2793 663 2841 Men.
678 2790 799 2839 cummium
815 2788 891 2839 modo.
917 2793 995 2853 Lege,
1012 2794 1153 2855 cummium
1168 2792 1245 2844 nodo.
1266 2794 1304 2843 Er

179 2872 301 2923 Inserend.
318 2890 342 2938 p.
355 2872 425 2935 eald]
454 2873 613 2924 Confirmant
632 2883 742 2937 quatuor
760 2876 840 2925 nostri
860 2874 926 2923 libro
946 2880 984 2935 13,
1006 2880 1036 2925 ll
1057 2874 1120 2939 [2ο,
1135 2876 1195 2941 66]:
1216 2876 1305 2929 Gaui

180 2958 291 3021 optimam
308 2974 356 3006 ease
373 2975 402 3006 aa
412 2956 534 3021 Aepyptia
550 2957 621 3020 rpina
632 2956 744 3018 convenit,
761 2956 937 3006 vermiculatam
949 2955 1027 3006 colore
1035 2956 1142 3024 planca,
1156 2976 1246 3026 pura·
1259 2958 1305 3009 rint

180 3042 272 3103 cortice,
284 3042 391 3091 dentibus
402 3039 574 3090 adhaerentem.
592 3042 627 3091 sic
638 3042 684 3089 illi.
700 3040 790 3090 Scribe
802 3042 889 3103 igitur:
910 3039 1038 3091 Gamma'm.
1058 3042 1182 3097 Rursus:
1198 3042 1305 3097 Μαίον’

180 3142 209 3174 ex
221 3124 355 3190 amypdalls
367 3124 459 3173 amaris
470 3132 493 3172 et
504 3139 594 3184 ceram,
602 3123 706 3186 pessima
718 3138 747 3170 en
756 3123 849 3186 prunis.
871 3125 945 3184 Mox,
956 3122 1091 3186 infantium
1103 3126 1228 3179 manebus
1237 3128 1305 3193 aptis-

180 3209 248 3259 slma.
271 3211 346 3270 Turn,
364 3208 399 3257 ad
413 3207 473 3257 nillil
487 3206 564 3257 utiles.
582 3208 654 3257 itemz
672 3206 715 3254 Fu
726 3214 748 3254 et
759 3222 788 3255 er
799 3205 930 3255 sarcocolla
946 3203 993 3267 (ita
1003 3214 1112 3257 vacatur
1123 3210 1214 3273 ardor)
1224 3208 1308 3275 cml

179 3292 312 3340 atildsima.
336 3292 430 3351 Scribe,
446 3291 553 3355 pumma.
576 3292 701 3354 Denique,
717 3288 771 3338 ideo
786 3288 891 3339 candida
907 3305 977 3353 man
988 3290 1048 3353 rufa
1059 3292 1161 3345 melior.
1182 3298 1219 3347 Et
1232 3292 1306 3347 mmcl

180 3377 321 3437 iterumque
334 3391 366 3423 ex
379 3376 433 3424 aliis
444 3377 520 3424 verbo
533 3382 660 3424 notarunt.
674 3374 727 3425 Cor
737 3389 789 3423 non
800 3375 962 3425 restituerunt
970 3372 1055 3423 Plinio
1063 3380 1167 3429 sunm?
1177 3378 1225 3429 lib.
1232 3382 1307 3439 1⁸,ss

181 3457 235 3520 [45,
254 3455 326 3519 108]:
357 3455 424 3513 Quae
442 3458 532 3522 qummt'
549 3458 661 3523 qt‘qnuut,
677 3465 733 3521 poet
747 3456 941 3521 permutationem
957 3456 1119 3520 mundar.-
1144 3462 1241 3527 anni
1257 3476 1308 3511 aaa

180 3556 226 3588 non
237 3538 286 3588 nisi
292 3540 379 3602 fructu
391 3538 496 3590 detracta
507 3542 631 3605 spissatur.
648 3543 698 3593 Ubi
711 3556 744 3590 ex
756 3541 831 3592 chin.
844 3548 978 3591 annotant:
994 3540 1120 3605 manias·
1129 3560 1196 3595 wo.
1218 3546 1258 3597 At
1267 3546 1309 3593 vix

180 3626 268 3675 dubito
290 3639 346 3674 eum
367 3626 493 3687 habuisse,
512 3626 617 3689 perinde
637 3634 666 3674 ut
685 3625 765 3674 Acad.
778 3628 846 3675 Men.
868 3624 944 3685 Gan.
968 3622 1038 3681 Quae
1056 3628 1179 3689 marim
1197 3628 1309 3695 wear

180 3709 279 3769 deinde,
295 3709 395 3773 pummis
406 3725 467 3759 aero.
490 3709 531 3758 Sic
548 3717 573 3759 et
588 3709 690 3771 Andog.
706 3710 856 3770 Vossianus,
873 3709 920 3759 etsi
935 3709 1019 3773 priore
1034 3710 1097 3759 loco
1114 3728 1251 3775 amum.
1270 3712 1310 3765 ste

181 3802 207 3843 et
222 3792 366 3843 Columella
379 3799 419 3853 12,
433 3799 472 3843 50.
495 3808 555 3840 nova
573 3791 639 3840 dalla
651 3789 743 3854 liquida
753 3793 843 3857 qumme‘
852 3791 967 3856 perluere.
982 3793 1032 3843 nisi
1048 3794 1224 3847 ccn'bcndum
1239 3796 1310 3863 μὴ’-

179 3890 242 3923 nere.
259 3877 324 3925 Mox
336 3877 401 3925 enirn
413 3890 475 3923 nova
486 3874 552 3923 dolia
563 3874 600 3923 vel
610 3875 686 3922 seriae
697 3892 781 3923 crassa
791 3876 881 3940 qumms'
892 3875 1002 3925 levarunt.

216 3956 269 4020 [47,
282 3956 326 4019 98]
350 3959 382 4008 Ut
390 3957 509 4021 plumbum
521 3958 546 4006 ia
557 3956 673 4006 oculorum
686 3957 867 4020 medicamenta]
890 3959 1051 4011 Notcvcrunt
1061 3961 1090 4009 in
1102 3962 1178 4027 ulfic,
1193 3974 1223 4015 rtt
1234 3964 1312 4031 plm-

120 4044 167 4092 788
181 4041 232 4087 bum
250 4048 272 4088 et
287 4040 412 4089 oculorum.
438 4041 579 4091 Vossianus
596 4050 711 4090 neutram
734 4045 841 4106 adoptat
859 4043 1019 4106 particulam.
1047 4042 1157 4099 Scribe:
1181 4048 1313 4101 Laudatur

181 4123 258 4184 etlam,
271 4132 297 4172 ut
305 4123 433 4188 plumbum,
445 4122 561 4173 oculorum
573 4122 745 4175 medicamento.
