2760 4734
125 278 166 341 60
613 289 753 333 enonovr

160 446 213 508 [38,
229 445 288 506 118]
308 442 359 495 Seu
369 451 392 491 et
402 440 486 491 solutu
494 438 606 505 prosunt]
624 441 706 490 Acad.
717 437 761 487 sed
770 445 794 485 et
803 434 891 485 solatis
904 436 923 485 ι’.
936 434 1064 499 correptis
1072 442 1174 498 proruit.
1188 434 1244 485 Vns·

125 532 187 580 siani
199 539 251 579 tres
263 538 289 577 et
300 528 366 578 Gud.
379 524 422 574 sed
432 534 455 574 et
464 524 554 584 solatis,
572 522 599 572 id
609 532 651 585 est,
667 522 716 573 sole
727 521 849 586 coneptu,
862 526 982 585 prosunt.
1006 520 1048 571 Et
1059 534 1151 569 censeo
1160 532 1245 583 murm

125 614 202 663 Plinii
214 628 277 673 esec,
290 627 342 661 non
353 610 504 675 interpretis,
516 617 545 657 ut
556 616 646 672 putere
657 608 747 671 possis.

161 695 214 759 [38,
230 694 289 756 122]
312 696 352 744 De
360 693 423 757 felle
434 709 480 740 non
492 690 607 740 audacter
616 688 742 751 maseriru]
766 688 843 740 chtfl.
855 696 884 739 et
896 690 982 739 Voss.
1001 686 1142 747 meato,
1158 688 1245 751 quotu

125 782 197 831 Livio
209 780 371 842 Senecasque
383 794 397 827 e
408 776 483 827 MSS.
495 776 659 825 restituimus.
682 775 748 825 Gud.
760 780 787 823 et
797 776 905 837 Menap.
919 788 969 822 aon
983 770 1113 823 datieiter.
1134 772 1246 835 Aedem.

126 880 171 912 uon
183 863 279 911 daciter.

160 946 214 1010 [³8,
229 944 287 1007 130]
315 944 350 993 Et
365 960 413 993 una
429 944 454 991 in
470 943 544 992 uitreo
561 958 617 991 uase
632 939 731 990 annulos
748 937 882 1001 includunt]
913 939 1076 991 Vossianus
1092 952 1169 988 manu
1183 938 1249 1001 priuis

126 1030 222 1080 auelles.

163 1111 215 1174 [³8,
231 1111 290 1174 132]
318 1112 369 1163 Sed
385 1111 405 1159 is
421 1112 504 1170 etiam,
524 1110 563 1159 cui
579 1109 750 1158 massusimum
767 1115 853 1157 tectum
868 1104 919 1169 est]
947 1106 985 1156 In
1004 1106 1144 1157 Vossisno
1164 1106 1250 1155 abssts

127 1197 210 1246 tronto
221 1193 251 1244 rb
264 1193 316 1244 sed:
334 1209 416 1257 neque
428 1196 483 1243 ulla
495 1194 547 1242 cius
560 1201 597 1242 est
607 1193 752 1241 necessitas.
772 1191 822 1241 lllii
835 1196 968 1253 quatuor:
991 1188 1051 1241 Sed
1061 1188 1113 1238 iam
1124 1188 1193 1237 cuba

161 1279 214 1342 [³9,
230 1278 289 1341 141]
316 1278 391 1327 Musa
411 1285 435 1325 et
453 1276 540 1325 Picton
561 1275 585 1323 ia
606 1274 719 1337 exemplis
738 1270 896 1337 reliquerunt]
924 1272 1021 1323 Acad-
1043 1288 1152 1321 mussan
1168 1270 1250 1335 pietat

128 1366 203 1413 Voss.
221 1367 271 1413 duo
287 1371 313 1411 ct
330 1362 397 1413 (lud.
416 1376 517 1408 muscum
532 1368 623 1423 pycten.
651 1358 761 1407 Pintiani
777 1357 867 1417 codex,
885 1370 1002 1405 muscum
1017 1355 1114 1419 pictam
1141 1355 1251 1419 optma,

128 1444 204 1494 Musa
219 1462 270 1493 curu
283 1445 363 1508 picteu
379 1444 404 1491 ia
420 1441 532 1505 wernplis
548 1440 589 1491 rel.
618 1444 707 1492 Forte:
725 1440 800 1490 Musa
815 1455 866 1489 eum
881 1438 1017 1489 Pinnem
1039 1440 1068 1489 in
1085 1438 1195 1504 amplis
1206 1434 1252 1487 reli·

126 1537 231 1591 querunt.
253 1528 319 1577 Nom
334 1529 360 1576 in
371 1528 523 1587 auctoribus,
537 1541 599 1587 qnos
611 1527 661 1574 hoc
672 1527 737 1574 libro
748 1539 775 1573 sc
786 1530 925 1587 sequutum
937 1524 1028 1574 tradit
1039 1524 1070 1573 in
1081 1525 1173 1588 primo,
1186 1518 1252 1585 Apul·

126 1610 201 1658 lortius
214 1609 352 1669 Pitanaeus,
368 1618 393 1659 et
405 1610 549 1673 appellatur
560 1610 627 1657 idern
639 1624 716 1672 snpra
728 1609 778 1656 hoc
788 1608 844 1672 ipso
855 1606 943 1669 capite
955 1604 1018 1668 [88,
1036 1605 1113 1669 117]
1131 1606 1253 1657 uuum

127 1692 245 1741 Pitanaeo
256 1692 409 1755 reliquerunt:
421 1700 449 1741 ut
460 1694 528 1755 opud
540 1692 654 1741 Livium:
667 1692 716 1755 ipse
728 1689 777 1738 dur
787 1705 838 1739 cum
849 1687 945 1752 aliquot
952 1688 1124 1754 principibus
1134 1688 1253 1753 nephtar,

125 1777 167 1826 tib.
180 1784 220 1827 21.
234 1784 265 1827 eo
281 1775 330 1838 [r].

507 1970 572 2035 AD
594 1971 714 2036 LIBR„
737 1968 858 2035 XXX.

163 2114 226 2162 Cirr.
240 2113 260 2159 1.
278 2110 314 2173 [2,
328 2110 355 2172 6]
382 2114 488 2168 (terarum
505 2125 629 2173 coquomeu
645 2107 686 2157 diu
707 2108 806 2157 obtinuit
825 2106 849 2155 in
870 2116 951 2155 nosue
972 2110 1038 2157 orbe
1059 2110 1161 2159 manca
1178 2104 1255 2173 qesta]

130 2198 204 2245 Voss.
217 2204 243 2244 et
255 2195 329 2244 Ohifl.
343 2193 423 2242 aliena
434 2201 509 2257 qeute.
531 2194 651 2253 Pintiani,
669 2191 748 2240 aliena
759 2191 832 2255 qeuti.
855 2190 952 2253 Scribe,
969 2190 1000 2239 ire
1013 2200 1102 2241 nasim
1114 2192 1174 2241 erbe
1183 2188 1255 2239 atat

127 2295 196 2341 qena.
219 2278 261 2328 Sic
273 2279 392 2327 Valerius
403 2278 533 2328 Maximus
546 2279 568 2336 7,
581 2283 604 2325 3.
622 2274 769 2338 alieniqenae
781 2272 899 2338 reliqioms
910 2271 1062 2337 insiqnibus.
1085 2276 1187 2327 Florus
1197 2280 1220 2335 2,
1230 2276 1255 2323 ll

130 2361 166 2424 [1,
183 2369 224 2413 33.
241 2379 266 2426 p.
280 2367 319 2411 55.
336 2358 422 2421 lehn]
441 2359 574 2424 iudiqenam
589 2375 620 2406 eu
633 2359 756 2423 frumento
771 2357 896 2421 quotiouera.
923 2357 1033 2409 Gellius
1051 2364 1082 2419 2,
1101 2366 1139 2411 84
1158 2358 1255 2423 [potius

129 2453 153 2505 2,
165 2453 206 2507 24,
220 2444 259 2507 2]:
277 2462 351 2507 neque
361 2445 414 2493 uino
426 2443 567 2506 alieuiqeua,
579 2440 622 2491 sed
630 2443 710 2506 patrio
722 2458 814 2490 usurus.

164 2528 200 2590 [2,
215 2527 241 2589 7]
269 2528 405 2577 Literarum
427 2525 552 2575 subtilitati
569 2527 619 2574 sine
639 2525 730 2574 aemulo
747 2523 850 2590 percitus]
877 2526 1071 2587 Dignissimum
1095 2526 1255 2591 praeconium

129 2614 238 2674 ipsarum
256 2612 429 2672 Athenarum,
452 2624 517 2673 quae
538 2611 680 2659 docuerunt
696 2611 792 2667 omniu,
813 2610 927 2658 doctore:
953 2611 1027 2671 quod
1046 2624 1114 2661 cnm
1130 2610 1256 2661 Pintisnss

129 2710 245 2743 saccorum
257 2694 348 2742 salibus
363 2695 404 2742 vel
421 2695 507 2755 aliquo
524 2694 598 2742 simili
614 2697 762 2743 mutandum
774 2700 866 2753 censet,
883 2708 956 2742 snam
968 2692 1155 2745 obliterarum
1167 2692 1255 2745 subtili

130 2788 209 2826 tatem
230 2778 316 2825 eiurat.
344 2777 371 2825 Si
388 2778 430 2838 qni
447 2776 550 2826 fuerunt
566 2786 661 2837 nutem,
682 2778 725 2840 qni
739 2775 856 2838 futilitati
870 2776 979 2825 Plinium
999 2778 1148 2840 scripsisse
1163 2776 1204 2829 vsl
1217 2788 1256 2839 μ

130 2862 257 2909 somnium
269 2860 420 2921 cogitarunt,
433 2859 480 2922 ipsi
492 2858 577 2908 futiles
589 2861 706 2909 insanum
718 2862 744 2909 in
757 2862 860 2911 modum
871 2859 1001 2908 aestimari
1015 2862 1139 2911 voluere.

165 2941 227 3005 [ln]
246 2941 273 2991 E
279 2942 412 3006 propinquo
421 2942 523 3006 primum
536 2942 640 2991 intulisse
651 2942 686 2991 ad
693 2943 783 2991 vicinas
794 2958 866 3005 usque
876 2941 1057 3005 superstitiones
1067 2960 1105 2992 ac
1116 2938 1255 3003 mutam]

131 3030 206 3078 Voss.
221 3044 233 3076 e
242 3029 425 3092 propinquorum
435 3027 536 3090 primum
546 3025 672 3090 pertulisse
683 3025 718 3075 ad
727 3026 806 3075 uicina
815 3042 887 3089 usque
896 3032 998 3089 superet.
1010 3042 1044 3075 ac
1054 3026 1197 3077 medicine
1203 3040 1256 3091 prs·

131 3120 225 3162 nectum.
248 3113 284 3163 Ut
299 3122 325 3162 et
341 3112 507 3162 Chifletianus
523 3109 583 3159 fere.
605 3113 710 3170 Forsan,
728 3126 741 3157 e
754 3109 889 3174 propinquo
899 3123 952 3157 eam
961 3108 1070 3171 primum
1080 3110 1217 3172 pratalias
1226 3106 1259 3157 ad

131 3196 232 3244 uicinam
244 3211 315 3258 usque
326 3195 509 3259 superstitionem
522 3210 538 3242 a
549 3192 667 3241 medicina
675 3201 816 3256 prouectum.

165 3278 200 3340 [2,
212 3277 239 3339 8]
251 3279 349 3328 ibimus
360 3287 444 3338 exstat,
457 3286 483 3326 ut
494 3276 598 3340 equidem
609 3276 700 3325 inuenio
711 3284 875 3325 commentatus
886 3274 916 3325 de
926 3272 968 3337 ea]
980 3276 1062 3326 Voss.
1073 3278 1186 3339 primum
1197 3272 1259 3339 qued

130 3370 204 3409 castet
215 3369 241 3409 ut
252 3361 358 3424 equidem
374 3361 464 3410 irtveuio
480 3369 644 3409 commentatus
656 3367 691 3408 est
701 3359 730 3408 de
741 3376 771 3409 ea
785 3360 900 3411 Osthanes
910 3360 1012 3410 Xerxen
1024 3374 1109 3424 reqem
1122 3360 1220 3411 inuersis
1230 3374 1257 3407 es

132 3446 260 3494 Persarum
273 3443 339 3493 bello.
357 3447 444 3496 Forte:
461 3444 577 3505 Primum,
593 3442 657 3506 quod
667 3452 749 3504 exstet,
766 3451 791 3492 ut
801 3441 905 3507 quidem
917 3442 1019 3503 inuenio,
1036 3452 1216 3493 commentam
1225 3450 1258 3493 ul

131 3528 160 3576 de
175 3544 204 3576 ea
223 3527 347 3589 Osthanes,
368 3528 468 3578 Xersen
488 3544 572 3591 reqem,
593 3527 685 3591 inqeuio
705 3543 747 3574 reu
764 3527 901 3587 Persamm,
921 3524 988 3586 bello,
1010 3524 1080 3588 quod
1094 3528 1119 3577 ὑ
1139 3524 1258 3579 Graecia

131 3612 215 3673 intulit,
233 3613 367 3661 comitatus:
384 3628 414 3659 ac
426 3610 486 3659 uelut
498 3612 589 3660 semina
600 3611 661 3659 artis
668 3618 818 3674 portentosae
828 3609 924 3673 sparsit,
942 3608 1015 3657 obiter
1026 3608 1131 3672 infecto,
1143 3625 1257 3675 quaeun-

130 3712 175 3757 que
186 3704 363 3756 commeaverat,
376 3694 468 3744 mundo.
488 3696 628 3747 Osthanem
639 3704 714 3743 vocnt
731 3693 824 3758 inqenio
836 3708 912 3757 reqem
923 3692 1056 3743 Persarum
1066 3695 1147 3746 velut
1157 3694 1258 3759 sapien-

131 3780 252 3829 tissimum
265 3781 330 3829 inter
342 3782 441 3829 Persas.
465 3780 539 3827 Iuvat
555 3777 678 3827 hactenns
689 3779 829 3837 Pintiunns,
846 3777 914 3841 qnod
925 3776 998 3827 affert
1009 3790 1025 3825 e
1036 3776 1106 3827 libro
1117 3794 1181 3828 sno:
1199 3776 1258 3827 Pri·

131 3878 181 3909 inus
191 3861 254 3923 quod
264 3871 338 3911 exstet
348 3872 373 3911 ut
384 3880 420 3926 eq.
433 3863 479 3910 inu.
492 3868 657 3909 contincatatus
669 3869 710 3909 est.

166 3943 202 4005 [3,
217 3944 259 4006 lu]
281 3946 415 4009 Palemque
433 3946 456 3994 iu
474 3953 562 4006 ternpus
579 3942 640 3991 illud
653 3961 725 3993 sacra
733 3944 875 4008 prodiqiosa
885 3940 1016 4003 celebrata]
1039 3942 1101 3993 Hoc
1114 3957 1133 3992 s
1145 3944 1259 3997 Gelenin

131 4038 175 4077 cst.
194 4029 370 4089 Academicus,
380 4028 509 4092 palamque
520 4027 545 4075 in
558 4034 644 4089 tempus
655 4026 721 4076 siluit
731 4045 809 4077 sacra.
825 4028 892 4079 (tud.
904 4035 930 4076 et
941 4028 992 4075 duo
1000 4026 1143 4079 Vossiani:
1159 4028 1259 4093 palan·

132 4128 176 4173 que
187 4112 211 4159 iu
224 4120 312 4174 terimus
322 4112 364 4162 sili
372 4120 399 4161 ut
409 4127 489 4159 saera.
507 4111 557 4161 Sed
567 4110 667 4159 chiflet,
680 4119 705 4161 et
713 4113 790 4162 Voss.
799 4112 926 4175 princeps:
941 4106 1117 4173 palamquefit
1128 4112 1158 4161 in
1167 4120 1261 4177 usipus

131 4193 172 4241 sili
182 4202 207 4241 ut
217 4211 287 4243 sacro
296 4194 437 4257 prodiqiosa
448 4192 579 4242 celebratio.
602 4195 669 4243 Hinc
685 4196 710 4242 in
727 4195 787 4244 olim
804 4196 914 4258 vulgetis
930 4194 1005 4243 etism
1022 4192 1088 4243 illud
1102 4194 1183 4247 siluit.
1207 4198 1261 4249 sm
