2760 4740
69 347 142 389 xxn
511 342 757 386 momontum.

113 491 312 578 Saepissime
339 512 416 555 vero
444 491 537 575 lapsu
564 488 677 554 00101111
705 509 828 553 0110100
856 484 996 565 admisit,
1031 508 1049 549 e
1075 507 1118 570 qu

70 611 206 689 apparet
227 623 300 665 eum
322 598 427 664 minus
449 607 570 664 attente
584 598 795 684 archetypum
810 595 1030 682 exscripsisse,
1053 616 1118 680 apo

69 711 171 798 phum
199 731 275 777 vero
306 730 373 773 non
401 709 521 793 ubique
554 708 691 794 repetita
721 706 857 773 lectione
889 704 1118 770 emendavisse.

69 820 208 910 legendo
229 819 314 885 enim
336 818 411 903 plus
432 818 531 883 semel
552 817 714 883 aberravit
727 815 769 881 ab
783 815 950 900 archetypi
964 813 1078 891 literis,
1101 836 1118 878 c

70 929 187 996 erroris
209 927 357 1014 exempla
372 926 505 992 collecta
524 950 545 992 a
564 926 657 994 nobis
672 936 747 992 suut
759 925 850 1003 haec,
873 946 955 1008 quae
973 923 1118 1011 singula:

70 1038 182 1116 rimus,
206 1059 270 1122 quo
291 1037 421 1103 facilius
441 1037 584 1123 corrupti
603 1036 659 1103 isti
679 1035 742 1101 loci
765 1033 926 1100 emendari
947 1033 1080 1119 possint.

138 1169 231 1234 Apro
249 1171 272 1221 0
289 1185 315 1235 p.
335 1175 359 1232 8,
377 1176 419 1222 23.
728 1167 751 1217 0
768 1181 816 1230 pro
835 1166 861 1215 A
878 1180 904 1229 p.
924 1171 980 1226 130,
1000 1171 1023 1214 0.

139 1261 165 1315 Α
182 1277 230 1327 pro
247 1264 272 1313 Β
288 1277 313 1326 p.
333 1268 374 1323 69,
393 1269 417 1314 6.
726 1260 749 1309 P
765 1273 814 1322 pro
833 1257 857 1309 G
874 1274 898 1323 p.
918 1264 959 1320 02,
977 1264 1018 1308 21.

139 1355 167 1410 A
184 1369 231 1419 pro
248 1355 275 1405 V
292 1371 317 1420 p.
336 1361 394 1417 248,
413 1359 437 1408 7.
725 1352 748 1401 P
766 1366 812 1415 pro
830 1352 854 1402 Τ
871 1366 896 1415 p.
914 1355 939 1412 8,
960 1356 998 1400 18.

141 1445 163 1497 C
180 1462 229 1510 pro
247 1447 272 1499 G
288 1463 314 1511 p.
333 1452 391 1506 240,
411 1453 433 1498 1.
725 1444 747 1493 P
765 1459 812 1508 pro
828 1445 854 1494 Y
870 1459 895 1508 p.
914 1449 956 1503 28,
973 1449 997 1493 3.

125 1538 163 1597 ,G
180 1554 227 1604 pro
246 1541 270 1590 Τ
287 1555 312 1604 p
331 1544 389 1599 209,
407 1545 449 1589 24.
726 1536 750 1586 Β
767 1551 814 1601 pro
830 1535 858 1586 A
873 1551 899 1599 p.
919 1541 976 1596 151,
997 1541 1036 1585 10.

140 1631 194 1682 (ΣΤ
210 1647 258 1696 pro
275 1633 300 1683 Y
317 1647 342 1696 p.
363 1636 419 1693 131,
439 1637 478 1682 13.
725 1630 751 1680 Β
767 1644 814 1695 pro
831 1629 872 1681 IL
888 1644 914 1692 p.
932 1632 991 1688 238,
1008 1635 1032 1677 4.

141 1724 161 1774 (1
179 1739 226 1788 pro
243 1723 269 1774 N
285 1738 311 1787 p.
329 1729 371 1784 23,
389 1730 431 1774 20.
726 1722 751 1772 Β
766 1736 815 1786 pro
832 1722 855 1772 L
872 1720 897 1785 p'.
916 1724 974 1782 239,
993 1725 1034 1770 23.

141 1816 162 1866 (1
180 1830 227 1880 pro
244 1817 267 1869 P
284 1831 309 1880 p.
328 1821 386 1875 220,
404 1820 428 1865 9.
726 1816 751 1865 R
765 1829 812 1878 pro
829 1813 860 1862 Μ
876 1828 902 1876 p.
921 1819 961 1874 93,
981 1819 1004 1863 5.

140 1909 228 1971 Ppro
246 1909 265 1958 Θ
283 1923 308 1972 p.
328 1914 385 1969 163,
404 1913 445 1959 22.
726 1908 752 1958 Β
767 1922 814 1971 pro
831 1906 856 1957 N
873 1921 898 1970 p
917 1910 958 1967 66,
978 1912 1001 1956 6.

141 2000 167 2052 G
182 2015 230 2064 pro
248 1999 270 2051 G
287 2015 312 2065 p.
332 2004 388 2061 170,
406 2006 431 2050 2.
726 1999 752 2049 Β
767 2014 816 2064 pro
831 2000 854 2049 P
871 2014 896 2063 p.
914 2003 973 2060 240,
994 2005 1016 2048 1.

139 2092 154 2143 1
170 2107 218 2157 pro
234 2093 257 2143 L
275 2107 300 2156 p.
318 2099 360 2156 32,
380 2096 419 2143 13.
726 2093 752 2142 Β
768 2107 816 2156 pro
833 2091 858 2141 Y
874 2106 899 2155 p.
920 2095 977 2153 103,
995 2097 1020 2140 6.

141 2185 155 2234 1
171 2200 220 2250 pro
238 2185 257 2237 S
274 2202 299 2251 p.
319 2190 359 2248 73,
380 2191 419 2236 13.
727 2183 746 2235 S
763 2199 810 2247 pro
827 2184 850 2233 P
866 2199 892 2248 p.
910 2190 969 2246 240,
987 2191 1011 2235 3.

140 2279 155 2328 1
171 2293 218 2342 pro
235 2280 260 2330 Τ
276 2295 302 2343 p.
320 2284 379 2339 212,
399 2284 439 2329 13.
727 2275 746 2328 S
763 2291 809 2341 pro
826 2275 841 2325 I
857 2290 882 2339 p.
901 2282 959 2338 234,
979 2283 1020 2328 18.

140 2371 164 2422 L
181 2385 228 2435 pro
245 2370 267 2422 0
283 2386 309 2435 p.
328 2373 368 2431 74,
387 2377 411 2420 9.
727 2367 746 2420 S
762 2384 809 2433 pro
826 2368 851 2419 N
867 2383 893 2432 p.
912 2373 952 2430 53,
971 2374 1013 2420 26.

141 2464 165 2513 1.
182 2477 229 2526 pro
246 2462 261 2512 1
276 2478 303 2526 p.
321 2468 362 2521 82,
382 2468 421 2511 13.
727 2462 751 2512 Τ
768 2476 814 2526 pro
832 2461 855 2513 0
871 2476 896 2525 p.
914 2468 974 2524 236,
994 2468 1016 2512 1.

141 2556 165 2606 1.
182 2569 229 2618 pro
246 2555 272 2604 R
288 2569 313 2618 p.
333 2561 374 2616 00,
394 2558 434 2603 10.
727 2555 751 2605 Τ
767 2569 815 2618 pro
831 2554 846 2604 I
861 2570 888 2619 p.
906 2559 964 2616 240,
985 2561 1025 2606 13.

142 2646 180 2704 1.1
196 2661 244 2710 pro
261 2646 287 2697 U
303 2662 329 2711 p.
349 2647 388 2708 to,
406 2652 430 2696 3.
633 2686 637 2713 ,
728 2648 751 2698 Τ
768 2663 815 2714 pro
832 2649 855 2699 L
872 2663 898 2712 p.
917 2653 958 2710 09,
977 2655 1001 2699 3.

142 2730 173 2789 M
189 2754 236 2802 pro
252 2738 312 2789 ΧΑ
328 2755 353 2804 p.
372 2745 413 2802 52,
432 2744 471 2792 rs.
726 2741 750 2791 Τ
767 2756 815 2804 pro
834 2741 853 2792 s
869 2756 893 2805 p.
912 2743 953 2802 ot,
973 2747 1012 2791 11.

141 2831 168 2887 N
184 2847 231 2896 pro
248 2831 301 2883 AL
318 2847 343 2896 p.
364 2836 421 2894 138,
439 2839 462 2883 6.
727 2834 751 2884 Τ
767 2849 814 2897 pro
832 2836 858 2885 X
875 2850 900 2899 p.
919 2840 960 2895 23,
980 2838 1019 2884 18.

142 2922 168 2973 N
185 2939 232 2989 pro
250 2923 299 2975 As
316 2940 341 2989 p.
360 2931 419 2988 242,
439 2931 478 2975 18.
726 2927 752 2976 U
768 2941 816 2990 pro
832 2927 875 2978 LI
891 2943 916 2992 p.
936 2931 976 2989 10,
997 2933 1019 2976 1.

143 3016 169 3068 N
184 3031 231 3081 pro
249 3018 275 3068 Β
290 3023 376 3091 028,
396 3025 418 3068 l.
726 3020 752 3069 U
767 3033 815 3083 pro
832 3018 858 3070 N
874 3035 899 3084 p.
918 3023 977 3080 247,
997 3026 1036 3069 14.

143 3107 169 3158 N
185 3124 233 3173 pro
250 3110 278 3160 V
294 3125 320 3174 p.
338 3117 397 3171 201,
417 3117 455 3161 18.
727 3111 779 3162 ΠΤ
796 3126 843 3175 pro
861 3111 904 3162 IN
920 3126 946 3176 p.
965 3117 1023 3174 237,
1045 3119 1083 3163 11.

476 3206 502 3255 X
519 3220 566 3270 pro
583 3206 611 3255 A
627 3219 653 3270 p.
671 3210 730 3267 201,
748 3210 789 3254 24.

117 3316 209 3386 Idem
240 3327 376 3404 puncta,
414 3339 496 3402 quae
526 3317 715 3405 compendia
742 3317 904 3384 scribendi
935 3319 1113 3385 indicarent

28 3501 33 3506 ,
75 3425 342 3512 interpunctionis
363 3427 468 3530 gratia
488 3427 564 3492 addi
590 3426 762 3506 deberent,
792 3427 879 3492 haud
907 3450 980 3493 raro
1007 3430 1115 3495 omisit

75 3534 244 3602 afferamus
262 3537 398 3623 apibunt
410 3558 470 3622 pro
485 3536 708 3625 opib-[aa]ant
722 3538 756 3620 (1.
772 3560 800 3602 0.
816 3539 930 3624 apibus
951 3545 1036 3621 suat)
1051 3563 1083 3625 p.
1101 3542 1118 3605 1

117 3660 258 3741 Deinde,
279 3662 366 3746 quod
386 3663 536 3729 facillime
557 3663 673 3730 accidit
695 3665 895 3730 incontinua
911 3666 1119 3750 scripturaes

76 3773 176 3837 semel
197 3771 291 3837 modo
313 3772 441 3858 scripsit
461 3772 661 3858 antiquarius
682 3773 805 3839 literam
827 3775 879 3840 vel
905 3774 1071 3860 syllabam,
1101 3798 1118 3860 q

30 3882 38 3886 ”
76 3879 238 3968 duplicem
258 3902 390 3947 exarare
410 3880 558 3961 debebat,
585 3905 658 3948 oum
680 3883 792 3949 eadem
813 3882 906 3951 litera
927 3885 960 3949 in
981 3885 1045 3948 fine
1065 3907 1118 3971 pra

77 3989 181 4057 dentis
202 3990 348 4057 vocabuli
370 4001 402 4056 et
421 3992 455 4056 in
476 3991 568 4057 initio
597 3993 759 4078 sequentis
787 3995 935 4080 ponenda
961 3995 1086 4073 fuisset,
1114 4024 1118 4056 t

77 4100 275 4191 0100004000
296 4123 355 4194 pro
377 4103 480 4174 010100
493 4113 621 4169 matura
639 4126 671 4189 p.
688 4104 760 4181 114,
776 4104 828 4183 26,
850 4107 962 4197 quittae
975 4126 1035 4190 pro
1049 4109 1118 4192 quir
