<?xml version="1.0" encoding="UTF-8"?>
<!DOCTYPE html PUBLIC "-//W3C//DTD XHTML 1.0 Transitional//EN"
    "http://www.w3.org/TR/xhtml1/DTD/xhtml1-transitional.dtd">
<html xmlns="http://www.w3.org/1999/xhtml" xml:lang="en" lang="en">
 <head>
  <title>
</title>
<meta http-equiv="Content-Type" content="text/html;charset=utf-8" />
  <meta name='ocr-system' content='tesseract 3.04.00' />
  <meta name='ocr-capabilities' content='ocr_page ocr_carea ocr_par ocr_line ocrx_word'/>
</head>
<body>
  <div class='ocr_page' id='page_1' title='image "./cplinisecundina01grongoog_0042.png"; bbox 0 0 2760 4734; ppageno 0'>
   <div class='ocr_carea' id='block_1_1' title="bbox 575 312 1257 356">
    <p class='ocr_par' dir='ltr' id='par_1_1' title="bbox 575 312 1257 356">
     <span class='ocr_line' id='line_1_1' title="bbox 575 312 1257 356; baseline 0.003 -2"><span class='ocrx_word' id='word_1_1' title='bbox 575 312 820 355; x_wconf 74' lang='lat' dir='ltr'><strong>rsonsoossstrts.</strong></span> <span class='ocrx_word' id='word_1_2' title='bbox 1197 315 1257 356; x_wconf 77' lang='lat' dir='ltr'><strong>XXI</strong></span> 
     </span>
    </p>
   </div>
   <div class='ocr_carea' id='block_1_2' title="bbox 133 457 1256 756">
    <p class='ocr_par' dir='ltr' id='par_1_2' title="bbox 133 457 1256 756">
     <span class='ocr_line' id='line_1_2' title="bbox 134 457 1256 546; baseline 0.003 -24"><span class='ocrx_word' id='word_1_3' title='bbox 134 468 267 546; x_wconf 89' lang='lat' dir='ltr'><strong>propter</strong></span> <span class='ocrx_word' id='word_1_4' title='bbox 294 457 444 523; x_wconf 87' lang='lat' dir='ltr'><strong>continua</strong></span> <span class='ocrx_word' id='word_1_5' title='bbox 469 458 553 525; x_wconf 89' lang='lat' dir='ltr'><strong>bella</strong></span> <span class='ocrx_word' id='word_1_6' title='bbox 579 459 675 524; x_wconf 91' lang='lat' dir='ltr'><strong>etiam</strong></span> <span class='ocrx_word' id='word_1_7' title='bbox 700 461 790 546; x_wconf 87' lang='lat' dir='ltr'><strong>pacis</strong></span> <span class='ocrx_word' id='word_1_8' title='bbox 811 469 896 524; x_wconf 89' lang='lat' dir='ltr'><strong>artes</strong></span> <span class='ocrx_word' id='word_1_9' title='bbox 924 458 1081 536; x_wconf 87' lang='lat' dir='ltr'><strong>iacerent,</strong></span> <span class='ocrx_word' id='word_1_10' title='bbox 1109 459 1256 545; x_wconf 88' lang='lat' dir='ltr'><strong>opifices·</strong></span> 
     </span>
     <span class='ocr_line' id='line_1_3' title="bbox 133 567 1255 655; baseline 0.001 -21"><span class='ocrx_word' id='word_1_11' title='bbox 133 591 198 654; x_wconf 88' lang='lat' dir='ltr'><strong>que</strong></span> <span class='ocrx_word' id='word_1_12' title='bbox 220 569 400 634; x_wconf 76' lang='lat' dir='ltr'>chartarum</span> <span class='ocrx_word' id='word_1_13' title='bbox 416 567 728 634; x_wconf 87' lang='lat' dir='ltr'><strong>membranacearum</strong></span> <span class='ocrx_word' id='word_1_14' title='bbox 750 579 956 647; x_wconf 80' lang='lat' dir='ltr'><strong>rarescerent,</strong></span> <span class='ocrx_word' id='word_1_15' title='bbox 979 591 1017 633; x_wconf 89' lang='lat' dir='ltr'><strong>ao</strong></span> <span class='ocrx_word' id='word_1_16' title='bbox 1031 567 1166 655; x_wconf 92' lang='lat' dir='ltr'><strong>proinde</strong></span> <span class='ocrx_word' id='word_1_17' title='bbox 1181 591 1255 653; x_wconf 90' lang='lat' dir='ltr'><strong>pre-</strong></span> 
     </span>
     <span class='ocr_line' id='line_1_4' title="bbox 134 677 1256 756; baseline 0 -14"><span class='ocrx_word' id='word_1_18' title='bbox 134 678 215 742; x_wconf 90' lang='lat' dir='ltr'><strong>tium</strong></span> <span class='ocrx_word' id='word_1_19' title='bbox 235 677 492 743; x_wconf 87' lang='lat' dir='ltr'><strong>membranarum</strong></span> <span class='ocrx_word' id='word_1_20' title='bbox 511 678 645 744; x_wconf 85' lang='lat' dir='ltr'><strong>mirifice</strong></span> <span class='ocrx_word' id='word_1_21' title='bbox 659 690 788 744; x_wconf 89' lang='lat' dir='ltr'><strong>auctum</strong></span> <span class='ocrx_word' id='word_1_22' title='bbox 802 689 897 756; x_wconf 89' lang='lat' dir='ltr'><strong>esset,</strong></span> <span class='ocrx_word' id='word_1_23' title='bbox 920 678 1020 742; x_wconf 91' lang='lat' dir='ltr'><strong>ullum</strong></span> <span class='ocrx_word' id='word_1_24' title='bbox 1034 677 1177 742; x_wconf 76' lang='lat' dir='ltr'><strong>codicem</strong></span> <span class='ocrx_word' id='word_1_25' title='bbox 1192 689 1256 742; x_wconf 90' lang='lat' dir='ltr'><strong>tam</strong></span> 
     </span>
    </p>
   </div>
   <div class='ocr_carea' id='block_1_3' title="bbox 134 786 1353 875">
    <p class='ocr_par' dir='ltr' id='par_1_3' title="bbox 134 786 1353 875">
     <span class='ocr_line' id='line_1_5' title="bbox 134 786 1353 875; baseline 0 -23"><span class='ocrx_word' id='word_1_26' title='bbox 134 798 284 853; x_wconf 87' lang='lat' dir='ltr'><strong>accurate</strong></span> <span class='ocrx_word' id='word_1_27' title='bbox 306 798 338 852; x_wconf 92' lang='lat' dir='ltr'><strong>et</strong></span> <span class='ocrx_word' id='word_1_28' title='bbox 360 797 424 852; x_wconf 90' lang='lat' dir='ltr'><strong>tam</strong></span> <span class='ocrx_word' id='word_1_29' title='bbox 446 786 619 853; x_wconf 81' lang='lat' dir='ltr'><strong>liberaliter</strong></span> <span class='ocrx_word' id='word_1_30' title='bbox 640 789 853 875; x_wconf 85' lang='lat' dir='ltr'><strong>perscriptum</strong></span> <span class='ocrx_word' id='word_1_31' title='bbox 875 809 946 853; x_wconf 90' lang='lat' dir='ltr'><strong>esse</strong></span> <span class='ocrx_word' id='word_1_32' title='bbox 972 809 1044 851; x_wconf 91' lang='lat' dir='ltr'><strong>oum</strong></span> <span class='ocrx_word' id='word_1_33' title='bbox 1066 787 1256 853; x_wconf 87' lang='lat' dir='ltr'><strong>confidentia</strong></span> <span class='ocrx_word' id='word_1_34' title='bbox 1325 788 1353 805; x_wconf 79' lang='grc'><strong>’“</strong></span> 
     </span>
    </p>
   </div>
   <div class='ocr_carea' id='block_1_4' title="bbox 131 896 1256 1638">
    <p class='ocr_par' dir='ltr' id='par_1_4' title="bbox 131 896 1256 1638">
     <span class='ocr_line' id='line_1_6' title="bbox 134 896 1256 983; baseline -0.002 -21"><span class='ocrx_word' id='word_1_35' title='bbox 134 897 275 983; x_wconf 87' lang='lat' dir='ltr'><strong>quadam</strong></span> <span class='ocrx_word' id='word_1_36' title='bbox 300 918 465 982; x_wconf 84' lang='lat' dir='ltr'><strong>negamus.</strong></span> <span class='ocrx_word' id='word_1_37' title='bbox 503 896 571 962; x_wconf 92' lang='lat' dir='ltr'><strong>Iam</strong></span> <span class='ocrx_word' id='word_1_38' title='bbox 599 919 696 982; x_wconf 92' lang='lat' dir='ltr'><strong>supra</strong></span> <span class='ocrx_word' id='word_1_39' title='bbox 721 897 934 962; x_wconf 81' lang='lat' dir='ltr'><strong>indicavimus</strong></span> <span class='ocrx_word' id='word_1_40' title='bbox 961 896 1102 962; x_wconf 87' lang='lat' dir='ltr'><strong>codicem</strong></span> <span class='ocrx_word' id='word_1_41' title='bbox 1123 908 1256 983; x_wconf 90' lang='lat' dir='ltr'><strong>propter</strong></span> 
     </span>
     <span class='ocr_line' id='line_1_7' title="bbox 134 1006 1255 1093; baseline -0.002 -21"><span class='ocrx_word' id='word_1_42' title='bbox 134 1029 267 1093; x_wconf 86' lang='lat' dir='ltr'><strong>parvam</strong></span> <span class='ocrx_word' id='word_1_43' title='bbox 295 1006 528 1091; x_wconf 81' lang='lat' dir='ltr'><strong>rotundumque</strong></span> <span class='ocrx_word' id='word_1_44' title='bbox 549 1006 714 1071; x_wconf 86' lang='lat' dir='ltr'><strong>literarum</strong></span> <span class='ocrx_word' id='word_1_45' title='bbox 736 1006 870 1072; x_wconf 87' lang='lat' dir='ltr'><strong>formam</strong></span> <span class='ocrx_word' id='word_1_46' title='bbox 893 1016 926 1071; x_wconf 94' lang='lat' dir='ltr'><strong>et</strong></span> <span class='ocrx_word' id='word_1_47' title='bbox 946 1015 1077 1092; x_wconf 89' lang='lat' dir='ltr'><strong>propter</strong></span> <span class='ocrx_word' id='word_1_48' title='bbox 1099 1028 1255 1070; x_wconf 88' lang='lat' dir='ltr'><strong>summam</strong></span> 
     </span>
     <span class='ocr_line' id='line_1_8' title="bbox 133 1114 1255 1203; baseline -0.002 -22"><span class='ocrx_word' id='word_1_49' title='bbox 133 1139 217 1203; x_wconf 90' lang='lat' dir='ltr'><strong>quae</strong></span> <span class='ocrx_word' id='word_1_50' title='bbox 248 1116 282 1179; x_wconf 91' lang='lat' dir='ltr'><strong>in</strong></span> <span class='ocrx_word' id='word_1_51' title='bbox 316 1115 474 1200; x_wconf 86' lang='lat' dir='ltr'><strong>scriptura</strong></span> <span class='ocrx_word' id='word_1_52' title='bbox 503 1115 642 1180; x_wconf 91' lang='lat' dir='ltr'><strong>cernitur</strong></span> <span class='ocrx_word' id='word_1_53' title='bbox 670 1115 869 1202; x_wconf 86' lang='lat' dir='ltr'><strong>diligentiam</strong></span> <span class='ocrx_word' id='word_1_54' title='bbox 896 1117 930 1180; x_wconf 93' lang='lat' dir='ltr'><strong>in</strong></span> <span class='ocrx_word' id='word_1_55' title='bbox 955 1114 1050 1179; x_wconf 88' lang='lat' dir='ltr'><strong>Italia</strong></span> <span class='ocrx_word' id='word_1_56' title='bbox 1076 1115 1255 1181; x_wconf 85' lang='lat' dir='ltr'><strong>confectum</strong></span> 
     </span>
     <span class='ocr_line' id='line_1_9' title="bbox 133 1223 1254 1311; baseline -0.002 -21"><span class='ocrx_word' id='word_1_57' title='bbox 133 1225 247 1301; x_wconf 87' lang='lat' dir='ltr'><strong>videri,</strong></span> <span class='ocrx_word' id='word_1_58' title='bbox 275 1225 362 1308; x_wconf 94' lang='lat' dir='ltr'><strong>quod</strong></span> <span class='ocrx_word' id='word_1_59' title='bbox 387 1224 474 1290; x_wconf 91' lang='lat' dir='ltr'><strong>idem</strong></span> <span class='ocrx_word' id='word_1_60' title='bbox 496 1226 613 1311; x_wconf 91' lang='lat' dir='ltr'><strong>optime</strong></span> <span class='ocrx_word' id='word_1_61' title='bbox 635 1237 841 1311; x_wconf 88' lang='lat' dir='ltr'><strong>praeparata,</strong></span> <span class='ocrx_word' id='word_1_62' title='bbox 870 1225 1072 1303; x_wconf 91' lang='lat' dir='ltr'><strong>tenuissima,</strong></span> <span class='ocrx_word' id='word_1_63' title='bbox 1102 1223 1254 1290; x_wconf 87' lang='lat' dir='ltr'><strong>subfusca</strong></span> 
     </span>
     <span class='ocr_line' id='line_1_10' title="bbox 132 1331 1252 1420; baseline 0.001 -22"><span class='ocrx_word' id='word_1_64' title='bbox 132 1331 318 1399; x_wconf 89' lang='lat' dir='ltr'><strong>membrana</strong></span> <span class='ocrx_word' id='word_1_65' title='bbox 331 1335 497 1420; x_wconf 90' lang='lat' dir='ltr'><strong>probatur,</strong></span> <span class='ocrx_word' id='word_1_66' title='bbox 518 1357 582 1419; x_wconf 90' lang='lat' dir='ltr'><strong>qua</strong></span> <span class='ocrx_word' id='word_1_67' title='bbox 598 1334 785 1420; x_wconf 89' lang='lat' dir='ltr'><strong>plerumque</strong></span> <span class='ocrx_word' id='word_1_68' title='bbox 800 1334 874 1398; x_wconf 85' lang='lat' dir='ltr'><strong>Itali</strong></span> <span class='ocrx_word' id='word_1_69' title='bbox 896 1333 945 1399; x_wconf 92' lang='lat' dir='ltr'><strong>usi</strong></span> <span class='ocrx_word' id='word_1_70' title='bbox 969 1335 1098 1419; x_wconf 80' lang='lat' dir='ltr'><strong>sunt*).</strong></span> <span class='ocrx_word' id='word_1_71' title='bbox 1121 1332 1252 1399; x_wconf 88' lang='lat' dir='ltr'><strong>Rescri-</strong></span> 
     </span>
     <span class='ocr_line' id='line_1_11' title="bbox 132 1442 1253 1531; baseline -0.002 -23"><span class='ocrx_word' id='word_1_72' title='bbox 132 1454 211 1531; x_wconf 92' lang='lat' dir='ltr'><strong>ptus</strong></span> <span class='ocrx_word' id='word_1_73' title='bbox 236 1444 366 1528; x_wconf 91' lang='lat' dir='ltr'><strong>quidem</strong></span> <span class='ocrx_word' id='word_1_74' title='bbox 393 1455 457 1522; x_wconf 93' lang='lat' dir='ltr'><strong>est,</strong></span> <span class='ocrx_word' id='word_1_75' title='bbox 485 1454 655 1530; x_wconf 83' lang='lat' dir='ltr'><strong>postquam</strong></span> <span class='ocrx_word' id='word_1_76' title='bbox 684 1444 844 1510; x_wconf 87' lang='lat' dir='ltr'><strong>ablutione</strong></span> <span class='ocrx_word' id='word_1_77' title='bbox 874 1444 959 1510; x_wconf 89' lang='lat' dir='ltr'><strong>etin</strong></span> <span class='ocrx_word' id='word_1_78' title='bbox 982 1444 1103 1526; x_wconf 88' lang='lat' dir='ltr'><strong>aliquot</strong></span> <span class='ocrx_word' id='word_1_79' title='bbox 1125 1442 1253 1528; x_wconf 83' lang='lat' dir='ltr'><strong>paginis</strong></span> 
     </span>
     <span class='ocr_line' id='line_1_12' title="bbox 131 1552 1252 1638; baseline -0.002 -20"><span class='ocrx_word' id='word_1_80' title='bbox 131 1576 247 1618; x_wconf 90' lang='lat' dir='ltr'><strong>rasura</strong></span> <span class='ocrx_word' id='word_1_81' title='bbox 268 1552 406 1637; x_wconf 88' lang='lat' dir='ltr'><strong>pumicis</strong></span> <span class='ocrx_word' id='word_1_82' title='bbox 428 1575 491 1638; x_wconf 94' lang='lat' dir='ltr'><strong>ope</strong></span> <span class='ocrx_word' id='word_1_83' title='bbox 512 1553 602 1638; x_wconf 90' lang='lat' dir='ltr'><strong>prior</strong></span> <span class='ocrx_word' id='word_1_84' title='bbox 625 1555 783 1638; x_wconf 87' lang='lat' dir='ltr'><strong>scriptura</strong></span> <span class='ocrx_word' id='word_1_85' title='bbox 805 1553 909 1619; x_wconf 89' lang='lat' dir='ltr'><strong>deleta</strong></span> <span class='ocrx_word' id='word_1_86' title='bbox 935 1564 994 1632; x_wconf 92' lang='lat' dir='ltr'><strong>est,</strong></span> <span class='ocrx_word' id='word_1_87' title='bbox 1024 1562 1055 1618; x_wconf 89' lang='lat' dir='ltr'><strong>et</strong></span> <span class='ocrx_word' id='word_1_88' title='bbox 1076 1552 1252 1638; x_wconf 87' lang='lat' dir='ltr'><strong>rescriptus</strong></span> 
     </span>
    </p>
   </div>
   <div class='ocr_carea' id='block_1_5' title="bbox 132 1661 1344 1739">
    <p class='ocr_par' dir='ltr' id='par_1_5' title="bbox 132 1661 1344 1739">
     <span class='ocr_line' id='line_1_13' title="bbox 132 1661 1344 1739; baseline -0.002 -11"><span class='ocrx_word' id='word_1_89' title='bbox 132 1672 197 1739; x_wconf 90' lang='lat' dir='ltr'><strong>est,</strong></span> <span class='ocrx_word' id='word_1_90' title='bbox 225 1663 288 1727; x_wconf 91' lang='lat' dir='ltr'><strong>nisi</strong></span> <span class='ocrx_word' id='word_1_91' title='bbox 315 1663 423 1727; x_wconf 91' lang='lat' dir='ltr'><strong>omnia</strong></span> <span class='ocrx_word' id='word_1_92' title='bbox 443 1684 503 1726; x_wconf 91' lang='lat' dir='ltr'><strong>nos</strong></span> <span class='ocrx_word' id='word_1_93' title='bbox 525 1662 651 1739; x_wconf 82' lang='lat' dir='ltr'><strong>fallunt,</strong></span> <span class='ocrx_word' id='word_1_94' title='bbox 672 1663 833 1728; x_wconf 89' lang='lat' dir='ltr'><strong>Veronae.</strong></span> <span class='ocrx_word' id='word_1_95' title='bbox 861 1662 949 1727; x_wconf 88' lang='lat' dir='ltr'><strong>Inter</strong></span> <span class='ocrx_word' id='word_1_96' title='bbox 971 1661 1114 1727; x_wconf 92' lang='lat' dir='ltr'><strong>eiusdem</strong></span> <span class='ocrx_word' id='word_1_97' title='bbox 1136 1661 1252 1727; x_wconf 92' lang='lat' dir='ltr'><strong>biblio·</strong></span> <span class='ocrx_word' id='word_1_98' title='bbox 1324 1694 1344 1715; x_wconf 50' lang='grc' dir='ltr'><strong>-κ</strong></span> 
     </span>
    </p>
   </div>
   <div class='ocr_carea' id='block_1_6' title="bbox 128 1770 1252 2952">
    <p class='ocr_par' dir='ltr' id='par_1_6' title="bbox 128 1770 1252 2952">
     <span class='ocr_line' id='line_1_14' title="bbox 132 1770 1251 1855; baseline 0 -19"><span class='ocrx_word' id='word_1_99' title='bbox 132 1773 242 1836; x_wconf 88' lang='lat' dir='ltr'><strong>thecae</strong></span> <span class='ocrx_word' id='word_1_100' title='bbox 262 1771 362 1836; x_wconf 90' lang='lat' dir='ltr'><strong>libros</strong></span> <span class='ocrx_word' id='word_1_101' title='bbox 384 1772 486 1836; x_wconf 84' lang='lat' dir='ltr'><strong>fuisse</strong></span> <span class='ocrx_word' id='word_1_102' title='bbox 509 1771 645 1849; x_wconf 86' lang='lat' dir='ltr'><strong>videtur,</strong></span> <span class='ocrx_word' id='word_1_103' title='bbox 669 1772 761 1837; x_wconf 89' lang='lat' dir='ltr'><strong>cuius</strong></span> <span class='ocrx_word' id='word_1_104' title='bbox 786 1771 938 1855; x_wconf 89' lang='lat' dir='ltr'><strong>reliquiae</strong></span> <span class='ocrx_word' id='word_1_105' title='bbox 960 1771 1125 1855; x_wconf 89' lang='lat' dir='ltr'><strong>hucusque</strong></span> <span class='ocrx_word' id='word_1_106' title='bbox 1146 1770 1251 1836; x_wconf 91' lang='lat' dir='ltr'><strong>Vero·</strong></span> 
     </span>
     <span class='ocr_line' id='line_1_15' title="bbox 131 1880 1251 1965; baseline -0.002 -18"><span class='ocrx_word' id='word_1_107' title='bbox 131 1903 193 1947; x_wconf 90' lang='lat' dir='ltr'><strong>uae</strong></span> <span class='ocrx_word' id='word_1_108' title='bbox 219 1881 253 1945; x_wconf 94' lang='lat' dir='ltr'><strong>in</strong></span> <span class='ocrx_word' id='word_1_109' title='bbox 282 1880 406 1947; x_wconf 89' lang='lat' dir='ltr'><strong>scriniis</strong></span> <span class='ocrx_word' id='word_1_110' title='bbox 433 1881 565 1965; x_wconf 86' lang='lat' dir='ltr'><strong>capituli</strong></span> <span class='ocrx_word' id='word_1_111' title='bbox 593 1880 784 1945; x_wconf 89' lang='lat' dir='ltr'><strong>cathedralis</strong></span> <span class='ocrx_word' id='word_1_112' title='bbox 813 1881 994 1964; x_wconf 79' lang='lat' dir='ltr'><strong>(biblioteca</strong></span> <span class='ocrx_word' id='word_1_113' title='bbox 1022 1885 1074 1946; x_wconf 84' lang='lat' dir='ltr'><strong>dci</strong></span> <span class='ocrx_word' id='word_1_114' title='bbox 1098 1882 1251 1965; x_wconf 74' lang='lat' dir='ltr'><strong>cononica)</strong></span> 
     </span>
     <span class='ocr_line' id='line_1_16' title="bbox 130 1989 1252 2078; baseline -0.001 -22"><span class='ocrx_word' id='word_1_115' title='bbox 130 2001 354 2056; x_wconf 85' lang='lat' dir='ltr'><strong>asservantur:</strong></span> <span class='ocrx_word' id='word_1_116' title='bbox 388 2011 484 2074; x_wconf 88' lang='lat' dir='ltr'><strong>quam</strong></span> <span class='ocrx_word' id='word_1_117' title='bbox 512 1989 737 2055; x_wconf 86' lang='lat' dir='ltr'><strong>bibliothecam</strong></span> <span class='ocrx_word' id='word_1_118' title='bbox 760 1991 886 2055; x_wconf 89' lang='lat' dir='ltr'><strong>saeculo</strong></span> <span class='ocrx_word' id='word_1_119' title='bbox 908 2002 1032 2067; x_wconf 86' lang='lat' dir='ltr'><strong>octavo,</strong></span> <span class='ocrx_word' id='word_1_120' title='bbox 1059 2012 1123 2074; x_wconf 94' lang='lat' dir='ltr'><strong>quo</strong></span> <span class='ocrx_word' id='word_1_121' title='bbox 1144 1989 1252 2078; x_wconf 84' lang='lat' dir='ltr'><strong>Egino</strong></span> 
     </span>
     <span class='ocr_line' id='line_1_17' title="bbox 130 2099 1251 2184; baseline -0.004 -18"><span class='ocrx_word' id='word_1_122' title='bbox 130 2101 282 2166; x_wconf 85' lang='lat' dir='ltr'><strong>ecclesiae</strong></span> <span class='ocrx_word' id='word_1_123' title='bbox 310 2099 490 2165; x_wconf 88' lang='lat' dir='ltr'><strong>Veronensi</strong></span> <span class='ocrx_word' id='word_1_124' title='bbox 517 2109 676 2184; x_wconf 86' lang='lat' dir='ltr'><strong>praeerat,</strong></span> <span class='ocrx_word' id='word_1_125' title='bbox 703 2099 767 2163; x_wconf 89' lang='lat' dir='ltr'><strong>iam</strong></span> <span class='ocrx_word' id='word_1_126' title='bbox 794 2099 955 2165; x_wconf 84' lang='lat' dir='ltr'><strong>exstitisse</strong></span> <span class='ocrx_word' id='word_1_127' title='bbox 984 2099 1141 2182; x_wconf 90' lang='lat' dir='ltr'><strong>librisque</strong></span> <span class='ocrx_word' id='word_1_128' title='bbox 1168 2099 1251 2163; x_wconf 91' lang='lat' dir='ltr'><strong>anti·</strong></span> 
     </span>
     <span class='ocr_line' id='line_1_18' title="bbox 130 2208 1251 2296; baseline -0.003 -21"><span class='ocrx_word' id='word_1_129' title='bbox 130 2210 295 2296; x_wconf 90' lang='lat' dir='ltr'><strong>quissimis</strong></span> <span class='ocrx_word' id='word_1_130' title='bbox 317 2221 349 2274; x_wconf 92' lang='lat' dir='ltr'><strong>et</strong></span> <span class='ocrx_word' id='word_1_131' title='bbox 371 2209 551 2273; x_wconf 90' lang='lat' dir='ltr'><strong>christianis</strong></span> <span class='ocrx_word' id='word_1_132' title='bbox 573 2219 606 2272; x_wconf 89' lang='lat' dir='ltr'><strong>et</strong></span> <span class='ocrx_word' id='word_1_133' title='bbox 627 2208 768 2273; x_wconf 89' lang='lat' dir='ltr'><strong>classicis</strong></span> <span class='ocrx_word' id='word_1_134' title='bbox 790 2209 939 2273; x_wconf 83' lang='lat' dir='ltr'><strong>refertam</strong></span> <span class='ocrx_word' id='word_1_135' title='bbox 955 2231 1026 2274; x_wconf 92' lang='lat' dir='ltr'><strong>esse</strong></span> <span class='ocrx_word' id='word_1_136' title='bbox 1043 2208 1251 2294; x_wconf 88' lang='lat' dir='ltr'><strong>suspicamur,</strong></span> 
     </span>
     <span class='ocr_line' id='line_1_19' title="bbox 129 2317 1251 2404; baseline -0.003 -18"><span class='ocrx_word' id='word_1_137' title='bbox 129 2331 304 2404; x_wconf 89' lang='lat' dir='ltr'><strong>antequam</strong></span> <span class='ocrx_word' id='word_1_138' title='bbox 325 2318 486 2384; x_wconf 88' lang='lat' dir='ltr'><strong>Pacifious</strong></span> <span class='ocrx_word' id='word_1_139' title='bbox 514 2318 668 2384; x_wconf 89' lang='lat' dir='ltr'><strong>diaconus</strong></span> <span class='ocrx_word' id='word_1_140' title='bbox 695 2320 821 2383; x_wconf 89' lang='lat' dir='ltr'><strong>saeculo</strong></span> <span class='ocrx_word' id='word_1_141' title='bbox 848 2341 933 2383; x_wconf 92' lang='lat' dir='ltr'><strong>nono</strong></span> <span class='ocrx_word' id='word_1_142' title='bbox 954 2317 1135 2383; x_wconf 89' lang='lat' dir='ltr'><strong>Veronensi</strong></span> <span class='ocrx_word' id='word_1_143' title='bbox 1163 2319 1251 2403; x_wconf 88' lang='lat' dir='ltr'><strong>capi-</strong></span> 
     </span>
     <span class='ocr_line' id='line_1_20' title="bbox 129 2427 1252 2513; baseline -0.005 -17"><span class='ocrx_word' id='word_1_144' title='bbox 129 2431 199 2496; x_wconf 89' lang='lat' dir='ltr'><strong>tulo</strong></span> <span class='ocrx_word' id='word_1_145' title='bbox 222 2432 283 2494; x_wconf 90' lang='grc'><strong>218</strong></span> <span class='ocrx_word' id='word_1_146' title='bbox 305 2429 404 2494; x_wconf 91' lang='lat' dir='ltr'><strong>libros</strong></span> <span class='ocrx_word' id='word_1_147' title='bbox 425 2448 502 2493; x_wconf 89' lang='lat' dir='ltr'><strong>mss.</strong></span> <span class='ocrx_word' id='word_1_148' title='bbox 524 2429 609 2493; x_wconf 92' lang='lat' dir='ltr'><strong>dono</strong></span> <span class='ocrx_word' id='word_1_149' title='bbox 630 2427 754 2493; x_wconf 89' lang='lat' dir='ltr'><strong>obtulit.</strong></span> <span class='ocrx_word' id='word_1_150' title='bbox 776 2427 860 2491; x_wconf 89' lang='lat' dir='ltr'><strong>Nam</strong></span> <span class='ocrx_word' id='word_1_151' title='bbox 882 2438 914 2492; x_wconf 91' lang='lat' dir='ltr'><strong>et</strong></span> <span class='ocrx_word' id='word_1_152' title='bbox 935 2427 1173 2513; x_wconf 87' lang='lat' dir='ltr'><strong>palimpsestns,</strong></span> <span class='ocrx_word' id='word_1_153' title='bbox 1196 2428 1252 2513; x_wconf 92' lang='lat' dir='ltr'><strong>qui</strong></span> 
     </span>
     <span class='ocr_line' id='line_1_21' title="bbox 130 2536 1251 2621; baseline -0.003 -16"><span class='ocrx_word' id='word_1_154' title='bbox 130 2538 209 2606; x_wconf 86' lang='lat' dir='ltr'><strong>Gaii</strong></span> <span class='ocrx_word' id='word_1_155' title='bbox 230 2537 456 2614; x_wconf 89' lang='lat' dir='ltr'><strong>institutiones,</strong></span> <span class='ocrx_word' id='word_1_156' title='bbox 478 2547 511 2602; x_wconf 91' lang='lat' dir='ltr'><strong>et</strong></span> <span class='ocrx_word' id='word_1_157' title='bbox 524 2537 636 2614; x_wconf 87' lang='lat' dir='ltr'><strong>codex,</strong></span> <span class='ocrx_word' id='word_1_158' title='bbox 659 2537 714 2621; x_wconf 90' lang='lat' dir='ltr'><strong>qui</strong></span> <span class='ocrx_word' id='word_1_159' title='bbox 731 2536 831 2602; x_wconf 86' lang='lat' dir='ltr'><strong>biblia</strong></span> <span class='ocrx_word' id='word_1_160' title='bbox 847 2559 937 2602; x_wconf 89' lang='lat' dir='ltr'><strong>saera</strong></span> <span class='ocrx_word' id='word_1_161' title='bbox 952 2537 1102 2615; x_wconf 90' lang='lat' dir='ltr'><strong>continet,</strong></span> <span class='ocrx_word' id='word_1_162' title='bbox 1124 2537 1251 2603; x_wconf 89' lang='lat' dir='ltr'><strong>saeculo</strong></span> 
     </span>
     <span class='ocr_line' id='line_1_22' title="bbox 128 2645 1250 2735; baseline -0.004 -21"><span class='ocrx_word' id='word_1_163' title='bbox 128 2659 246 2735; x_wconf 90' lang='lat' dir='ltr'><strong>quarto</strong></span> <span class='ocrx_word' id='word_1_164' title='bbox 273 2646 465 2731; x_wconf 88' lang='lat' dir='ltr'><strong>conscripti,</strong></span> <span class='ocrx_word' id='word_1_165' title='bbox 496 2646 531 2710; x_wconf 94' lang='lat' dir='ltr'><strong>in</strong></span> <span class='ocrx_word' id='word_1_166' title='bbox 558 2646 670 2711; x_wconf 89' lang='lat' dir='ltr'><strong>eadem</strong></span> <span class='ocrx_word' id='word_1_167' title='bbox 698 2645 891 2711; x_wconf 88' lang='lat' dir='ltr'><strong>bibliotheca</strong></span> <span class='ocrx_word' id='word_1_168' title='bbox 919 2658 1108 2731; x_wconf 84' lang='lat' dir='ltr'><strong>supersunt,</strong></span> <span class='ocrx_word' id='word_1_169' title='bbox 1137 2668 1250 2730; x_wconf 93' lang='lat' dir='ltr'><strong>quam·</strong></span> 
     </span>
     <span class='ocr_line' id='line_1_23' title="bbox 128 2754 1250 2825; baseline -0.004 -1"><span class='ocrx_word' id='word_1_170' title='bbox 128 2758 242 2825; x_wconf 92' lang='lat' dir='ltr'><strong>obrem</strong></span> <span class='ocrx_word' id='word_1_171' title='bbox 264 2766 295 2822; x_wconf 90' lang='lat' dir='ltr'><strong>et</strong></span> <span class='ocrx_word' id='word_1_172' title='bbox 315 2756 401 2822; x_wconf 89' lang='lat' dir='ltr'><strong>huno</strong></span> <span class='ocrx_word' id='word_1_173' title='bbox 422 2755 566 2821; x_wconf 88' lang='lat' dir='ltr'><strong>codicem</strong></span> <span class='ocrx_word' id='word_1_174' title='bbox 579 2755 764 2820; x_wconf 90' lang='lat' dir='ltr'><strong>Plinianum</strong></span> <span class='ocrx_word' id='word_1_175' title='bbox 784 2757 854 2820; x_wconf 90' lang='lat' dir='ltr'><strong>iure</strong></span> <span class='ocrx_word' id='word_1_176' title='bbox 876 2754 968 2821; x_wconf 90' lang='lat' dir='ltr'><strong>uobis</strong></span> <span class='ocrx_word' id='word_1_177' title='bbox 989 2755 1065 2821; x_wconf 90' lang='lat' dir='ltr'><strong>licet</strong></span> <span class='ocrx_word' id='word_1_178' title='bbox 1083 2755 1250 2821; x_wconf 90' lang='lat' dir='ltr'><strong>Veronen-</strong></span> 
     </span>
     <span class='ocr_line' id='line_1_24' title="bbox 129 2864 1251 2952; baseline -0.004 -17"><span class='ocrx_word' id='word_1_179' title='bbox 129 2892 200 2935; x_wconf 89' lang='lat' dir='ltr'><strong>sem</strong></span> <span class='ocrx_word' id='word_1_180' title='bbox 219 2867 391 2952; x_wconf 89' lang='lat' dir='ltr'><strong>appellare.</strong></span> <span class='ocrx_word' id='word_1_181' title='bbox 415 2864 525 2947; x_wconf 80' lang='lat' dir='ltr'><strong>Quare</strong></span> <span class='ocrx_word' id='word_1_182' title='bbox 547 2888 621 2952; x_wconf 91' lang='lat' dir='ltr'><strong>spes</strong></span> <span class='ocrx_word' id='word_1_183' title='bbox 647 2864 755 2950; x_wconf 88' lang='lat' dir='ltr'><strong>aliqua</strong></span> <span class='ocrx_word' id='word_1_184' title='bbox 780 2865 873 2931; x_wconf 92' lang='lat' dir='ltr'><strong>nobis</strong></span> <span class='ocrx_word' id='word_1_185' title='bbox 900 2866 975 2930; x_wconf 80' lang='lat' dir='ltr'><strong>data</strong></span> <span class='ocrx_word' id='word_1_186' title='bbox 995 2865 1124 2930; x_wconf 91' lang='lat' dir='ltr'><strong>videtur</strong></span> <span class='ocrx_word' id='word_1_187' title='bbox 1146 2864 1251 2930; x_wconf 88' lang='lat' dir='ltr'><strong>Vero·</strong></span> 
     </span>
    </p>
   </div>
   <div class='ocr_carea' id='block_1_7' title="bbox 128 2974 1367 3060">
    <p class='ocr_par' dir='ltr' id='par_1_7' title="bbox 128 2974 1367 3060">
     <span class='ocr_line' id='line_1_25' title="bbox 128 2974 1367 3060; baseline -0.004 -17"><span class='ocrx_word' id='word_1_188' title='bbox 128 3000 190 3043; x_wconf 87' lang='lat' dir='ltr'><strong>nae</strong></span> <span class='ocrx_word' id='word_1_189' title='bbox 212 2987 243 3043; x_wconf 91' lang='lat' dir='ltr'><strong>ct</strong></span> <span class='ocrx_word' id='word_1_190' title='bbox 265 2976 327 3041; x_wconf 87' lang='lat' dir='ltr'><strong>alia</strong></span> <span class='ocrx_word' id='word_1_191' title='bbox 340 2975 445 3040; x_wconf 90' lang='lat' dir='ltr'><strong>adhuc</strong></span> <span class='ocrx_word' id='word_1_192' title='bbox 458 2975 556 3040; x_wconf 90' lang='lat' dir='ltr'><strong>latere</strong></span> <span class='ocrx_word' id='word_1_193' title='bbox 577 2985 610 3040; x_wconf 93' lang='lat' dir='ltr'><strong>et</strong></span> <span class='ocrx_word' id='word_1_194' title='bbox 631 2975 801 3059; x_wconf 87' lang='lat' dir='ltr'><strong>aliquando</strong></span> <span class='ocrx_word' id='word_1_195' title='bbox 826 2975 960 3060; x_wconf 90' lang='lat' dir='ltr'><strong>reperiri</strong></span> <span class='ocrx_word' id='word_1_196' title='bbox 987 2996 1084 3060; x_wconf 91' lang='lat' dir='ltr'><strong>posse</strong></span> <span class='ocrx_word' id='word_1_197' title='bbox 1106 2974 1251 3040; x_wconf 85' lang='lat' dir='ltr'><strong>eiusdem</strong></span> <span class='ocrx_word' id='word_1_198' title='bbox 1356 3038 1367 3053; x_wconf 58' lang='lat'>„</span> 
     </span>
    </p>
   </div>
   <div class='ocr_carea' id='block_1_8' title="bbox 128 3085 626 3171">
    <p class='ocr_par' dir='ltr' id='par_1_8' title="bbox 128 3085 626 3171">
     <span class='ocr_line' id='line_1_26' title="bbox 128 3085 626 3171; baseline -0.01 -18"><span class='ocrx_word' id='word_1_199' title='bbox 128 3086 248 3153; x_wconf 87' lang='lat' dir='ltr'><strong>codicis</strong></span> <span class='ocrx_word' id='word_1_200' title='bbox 276 3085 415 3150; x_wconf 89' lang='lat' dir='ltr'><strong>Pliniani</strong></span> <span class='ocrx_word' id='word_1_201' title='bbox 437 3085 626 3171; x_wconf 81' lang='lat' dir='ltr'><strong>fragmenta.</strong></span> 
     </span>
    </p>
   </div>
   <div class='ocr_carea' id='block_1_9' title="bbox 336 3323 1046 3546">
    <p class='ocr_par' dir='ltr' id='par_1_9' title="bbox 336 3323 1046 3546">
     <span class='ocr_line' id='line_1_27' title="bbox 651 3323 731 3404; baseline -0.013 -20"><span class='ocrx_word' id='word_1_202' title='bbox 651 3323 665 3404; x_wconf 72' lang='lat' dir='ltr'><strong>s</strong></span> <span class='ocrx_word' id='word_1_203' title='bbox 701 3323 731 3384; x_wconf 81' lang='lat'><strong>7.</strong></span> 
     </span>
     <span class='ocr_line' id='line_1_28' title="bbox 336 3464 1046 3546; baseline 0.003 -10"><span class='ocrx_word' id='word_1_204' title='bbox 336 3487 385 3538; x_wconf 84' lang='lat' dir='ltr'><strong>ns</strong></span> <span class='ocrx_word' id='word_1_205' title='bbox 402 3484 629 3546; x_wconf 66' lang='lat' dir='ltr'><strong>samonium</strong></span> <span class='ocrx_word' id='word_1_206' title='bbox 648 3485 771 3546; x_wconf 75' lang='lat' dir='ltr'><strong>Arous</strong></span> <span class='ocrx_word' id='word_1_207' title='bbox 789 3464 1046 3538; x_wconf 76' lang='lat' dir='ltr'><strong>nimunnross.</strong></span> 
     </span>
    </p>
   </div>
   <div class='ocr_carea' id='block_1_10' title="bbox 127 3630 1250 4040">
    <p class='ocr_par' dir='ltr' id='par_1_10' title="bbox 127 3630 1250 4040">
     <span class='ocr_line' id='line_1_29' title="bbox 172 3630 1249 3716; baseline 0.003 -20"><span class='ocrx_word' id='word_1_208' title='bbox 172 3632 411 3716; x_wconf 88' lang='lat' dir='ltr'><strong>Antiquarium,</strong></span> <span class='ocrx_word' id='word_1_209' title='bbox 434 3633 490 3716; x_wconf 93' lang='lat' dir='ltr'><strong>qui</strong></span> <span class='ocrx_word' id='word_1_210' title='bbox 512 3630 653 3698; x_wconf 86' lang='lat' dir='ltr'><strong>codicem</strong></span> <span class='ocrx_word' id='word_1_211' title='bbox 674 3633 825 3711; x_wconf 86' lang='lat' dir='ltr'><strong>exaravit,</strong></span> <span class='ocrx_word' id='word_1_212' title='bbox 847 3633 1076 3699; x_wconf 87' lang='lat' dir='ltr'><strong>eruditioribus</strong></span> <span class='ocrx_word' id='word_1_213' title='bbox 1095 3634 1249 3700; x_wconf 91' lang='lat' dir='ltr'><strong>adnume-</strong></span> 
     </span>
     <span class='ocr_line' id='line_1_30' title="bbox 127 3741 1250 3830; baseline 0.002 -23"><span class='ocrx_word' id='word_1_214' title='bbox 127 3742 267 3810; x_wconf 87' lang='lat' dir='ltr'><strong>randum</strong></span> <span class='ocrx_word' id='word_1_215' title='bbox 287 3763 356 3808; x_wconf 85' lang='lat' dir='ltr'><strong>esso</strong></span> <span class='ocrx_word' id='word_1_216' title='bbox 375 3743 428 3809; x_wconf 81' lang='lat' dir='ltr'><strong>vel</strong></span> <span class='ocrx_word' id='word_1_217' title='bbox 443 3741 672 3830; x_wconf 86' lang='lat' dir='ltr'><strong>orthographia</strong></span> <span class='ocrx_word' id='word_1_218' title='bbox 685 3763 798 3808; x_wconf 84' lang='lat' dir='ltr'><strong>vocum</strong></span> <span class='ocrx_word' id='word_1_219' title='bbox 813 3765 1001 3830; x_wconf 87' lang='lat' dir='ltr'><strong>graecarum</strong></span> <span class='ocrx_word' id='word_1_220' title='bbox 1022 3743 1151 3829; x_wconf 83' lang='lat' dir='ltr'><strong>probat3</strong></span> <span class='ocrx_word' id='word_1_221' title='bbox 1176 3744 1250 3809; x_wconf 88' lang='lat' dir='ltr'><strong>scri-</strong></span> 
     </span>
     <span class='ocr_line' id='line_1_31' title="bbox 127 3852 1249 3942; baseline 0.001 -24"><span class='ocrx_word' id='word_1_222' title='bbox 127 3853 194 3940; x_wconf 87' lang='lat' dir='ltr'><strong>psit</strong></span> <span class='ocrx_word' id='word_1_223' title='bbox 218 3852 318 3918; x_wconf 86' lang='lat' dir='ltr'><strong>enim:</strong></span> <span class='ocrx_word' id='word_1_224' title='bbox 344 3877 420 3918; x_wconf 82' lang='lat' dir='ltr'><strong>mnu</strong></span> <span class='ocrx_word' id='word_1_225' title='bbox 440 3875 471 3937; x_wconf 86' lang='lat' dir='ltr'><strong>p.</strong></span> <span class='ocrx_word' id='word_1_226' title='bbox 495 3853 552 3928; x_wconf 86' lang='lat'><strong>93,</strong></span> <span class='ocrx_word' id='word_1_227' title='bbox 576 3853 632 3929; x_wconf 81' lang='lat'><strong>13,</strong></span> <span class='ocrx_word' id='word_1_228' title='bbox 665 3855 791 3939; x_wconf 62' lang='lat' dir='ltr'><strong>drqppo</strong></span> <span class='ocrx_word' id='word_1_229' title='bbox 816 3876 848 3938; x_wconf 89' lang='lat' dir='ltr'><strong>p.</strong></span> <span class='ocrx_word' id='word_1_230' title='bbox 872 3855 949 3930; x_wconf 79' lang='lat'><strong>238,</strong></span> <span class='ocrx_word' id='word_1_231' title='bbox 972 3855 1029 3933; x_wconf 89' lang='grc'><strong>26,</strong></span> <span class='ocrx_word' id='word_1_232' title='bbox 1054 3855 1192 3940; x_wconf 75' lang='lat' dir='ltr'><strong>pyrrhus</strong></span> <span class='ocrx_word' id='word_1_233' title='bbox 1217 3880 1249 3942; x_wconf 85' lang='lat' dir='ltr'><strong>p.</strong></span> 
     </span>
     <span class='ocr_line' id='line_1_32' title="bbox 128 3965 335 4040; baseline -0.005 -13"><span class='ocrx_word' id='word_1_234' title='bbox 128 3965 183 4040; x_wconf 82' lang='lat'><strong>44,</strong></span> <span class='ocrx_word' id='word_1_235' title='bbox 199 3965 250 4027; x_wconf 89' lang='grc'><strong>22.</strong></span> <span class='ocrx_word' id='word_1_236' title='bbox 275 3973 335 4027; x_wconf 83' lang='lat' dir='ltr'><strong>cet</strong></span> 
     </span>
    </p>
   </div>
   <div class='ocr_carea' id='block_1_11' title="bbox 128 4107 1250 4266">
    <p class='ocr_par' dir='ltr' id='par_1_11' title="bbox 128 4107 1250 4266">
     <span class='ocr_line' id='line_1_33' title="bbox 162 4107 1250 4183; baseline 0.006 -16"><span class='ocrx_word' id='word_1_237' title='bbox 162 4115 190 4180; x_wconf 82' lang='grc'><strong>*)</strong></span> <span class='ocrx_word' id='word_1_238' title='bbox 208 4117 307 4168; x_wconf 90' lang='lat' dir='ltr'><strong>Idioma</strong></span> <span class='ocrx_word' id='word_1_239' title='bbox 329 4107 414 4168; x_wconf 73' lang='lat' dir='ltr'><strong>antem</strong></span> <span class='ocrx_word' id='word_1_240' title='bbox 437 4119 528 4168; x_wconf 85' lang='lat' dir='ltr'><strong>codicis</strong></span> <span class='ocrx_word' id='word_1_241' title='bbox 546 4117 646 4168; x_wconf 83' lang='lat' dir='ltr'><strong>Italiam</strong></span> <span class='ocrx_word' id='word_1_242' title='bbox 668 4120 824 4182; x_wconf 85' lang='lat' dir='ltr'><strong>superiorem</strong></span> <span class='ocrx_word' id='word_1_243' title='bbox 847 4120 886 4169; x_wconf 85' lang='lat' dir='ltr'><strong>rel</strong></span> <span class='ocrx_word' id='word_1_244' title='bbox 905 4118 1015 4170; x_wconf 84' lang='lat' dir='ltr'><strong>Galliam</strong></span> <span class='ocrx_word' id='word_1_245' title='bbox 1034 4119 1179 4183; x_wconf 84' lang='lat' dir='ltr'><strong>cisalpinam</strong></span> <span class='ocrx_word' id='word_1_246' title='bbox 1197 4123 1250 4174; x_wconf 90' lang='lat' dir='ltr'><strong>eius</strong></span> 
     </span>
     <span class='ocr_line' id='line_1_34' title="bbox 128 4202 754 4266; baseline 0 -14"><span class='ocrx_word' id='word_1_247' title='bbox 128 4203 238 4265; x_wconf 86' lang='lat' dir='ltr'><strong>patriam</strong></span> <span class='ocrx_word' id='word_1_248' title='bbox 255 4203 349 4266; x_wconf 88' lang='lat' dir='ltr'><strong>prodit,</strong></span> <span class='ocrx_word' id='word_1_249' title='bbox 367 4203 398 4252; x_wconf 89' lang='lat' dir='ltr'><strong>de</strong></span> <span class='ocrx_word' id='word_1_250' title='bbox 416 4217 472 4266; x_wconf 53' lang='lat' dir='ltr'><strong>qua,</strong></span> <span class='ocrx_word' id='word_1_251' title='bbox 484 4218 511 4252; x_wconf 88' lang='lat' dir='ltr'><strong>re</strong></span> <span class='ocrx_word' id='word_1_252' title='bbox 528 4202 595 4253; x_wconf 88' lang='lat' dir='ltr'><strong>infra</strong></span> <span class='ocrx_word' id='word_1_253' title='bbox 613 4204 754 4253; x_wconf 85' lang='lat' dir='ltr'><strong>disseretur.</strong></span> 
     </span>
    </p>
   </div>
   <div class='ocr_carea' id='block_1_12' title="bbox 0 0 1384 4734">
    <p class='ocr_par' dir='ltr' id='par_1_12' title="bbox 0 0 1384 4734">
     <span class='ocr_line' id='line_1_35' title="bbox 0 0 1384 4734; baseline 0 2"><span class='ocrx_word' id='word_1_254' title='bbox 0 0 1384 4734; x_wconf 95' lang='lat' dir='ltr'><strong> </strong></span> 
     </span>
    </p>
   </div>
  </div>
 </body>
</html>
