<?xml version="1.0" encoding="UTF-8"?>
<!DOCTYPE html PUBLIC "-//W3C//DTD XHTML 1.0 Transitional//EN"
    "http://www.w3.org/TR/xhtml1/DTD/xhtml1-transitional.dtd">
<html xmlns="http://www.w3.org/1999/xhtml" xml:lang="en" lang="en">
 <head>
  <title>
</title>
<meta http-equiv="Content-Type" content="text/html;charset=utf-8" />
  <meta name='ocr-system' content='tesseract 3.04.00' />
  <meta name='ocr-capabilities' content='ocr_page ocr_carea ocr_par ocr_line ocrx_word'/>
</head>
<body>
  <div class='ocr_page' id='page_1' title='image "./cplinisecundina01grongoog_0013.png"; bbox 0 0 2760 4734; ppageno 0'>
   <div class='ocr_carea' id='block_1_1' title="bbox 137 315 171 356">
    <p class='ocr_par' dir='ltr' id='par_1_1' title="bbox 137 315 171 356">
     <span class='ocr_line' id='line_1_1' title="bbox 137 315 171 356; baseline -0.059 0"><span class='ocrx_word' id='word_1_1' title='bbox 137 315 171 356; x_wconf 82' lang='lat' dir='ltr'>VI</span> 
     </span>
    </p>
   </div>
   <div class='ocr_carea' id='block_1_2' title="bbox 118 461 1331 4028">
    <p class='ocr_par' dir='ltr' id='par_1_2' title="bbox 118 461 1331 3706">
     <span class='ocr_line' id='line_1_2' title="bbox 188 461 1262 560; baseline 0.006 -24"><span class='ocrx_word' id='word_1_2' title='bbox 188 463 244 536; x_wconf 81' lang='lat' dir='ltr'>Ac</span> <span class='ocrx_word' id='word_1_3' title='bbox 270 463 430 560; x_wconf 93' lang='lat' dir='ltr'>primum</span> <span class='ocrx_word' id='word_1_4' title='bbox 450 461 597 558; x_wconf 91' lang='lat' dir='ltr'>quidem</span> <span class='ocrx_word' id='word_1_5' title='bbox 621 464 720 559; x_wconf 94' lang='lat' dir='ltr'>quod</span> <span class='ocrx_word' id='word_1_6' title='bbox 738 462 964 536; x_wconf 84' lang='lat' dir='ltr'>Veronensis</span> <span class='ocrx_word' id='word_1_7' title='bbox 978 465 1080 538; x_wconf 76' lang='lat' dir='ltr'>&#39;Plini</span> <span class='ocrx_word' id='word_1_8' title='bbox 1098 479 1262 543; x_wconf 88' lang='lat' dir='ltr'>naturae</span> 
     </span>
     <span class='ocr_line' id='line_1_3' title="bbox 136 614 1261 694; baseline 0.004 -5"><span class='ocrx_word' id='word_1_9' title='bbox 136 617 374 690; x_wconf 80' lang='lat' dir='ltr'>historiarum</span> <span class='ocrx_word' id='word_1_10' title='bbox 402 614 520 686; x_wconf 84' lang='lat' dir='ltr'>codex</span> <span class='ocrx_word' id='word_1_11' title='bbox 548 641 570 687; x_wconf 90' lang='lat' dir='ltr'>a</span> <span class='ocrx_word' id='word_1_12' title='bbox 595 614 624 686; x_wconf 90' lang='lat' dir='ltr'><strong>F</strong></span> <span class='ocrx_word' id='word_1_13' title='bbox 626 643 827 690; x_wconf 71' lang='lat' dir='ltr'>amrelmo</span> <span class='ocrx_word' id='word_1_14' title='bbox 849 614 985 692; x_wconf 85' lang='lat' dir='ltr'>Mouuo</span> <span class='ocrx_word' id='word_1_15' title='bbox 1012 619 1167 691; x_wconf 84' lang='lat' dir='ltr'>feliciter</span> <span class='ocrx_word' id='word_1_16' title='bbox 1197 621 1261 694; x_wconf 91' lang='lat' dir='ltr'>de-</span> 
     </span>
     <span class='ocr_line' id='line_1_4' title="bbox 136 755 1260 842; baseline 0.002 -2"><span class='ocrx_word' id='word_1_17' title='bbox 136 777 256 840; x_wconf 89' lang='lat' dir='ltr'>tectus</span> <span class='ocrx_word' id='word_1_18' title='bbox 284 764 450 837; x_wconf 89' lang='lat' dir='ltr'>eiusdem</span> <span class='ocrx_word' id='word_1_19' title='bbox 476 766 548 838; x_wconf 88' lang='lat' dir='ltr'>viri</span> <span class='ocrx_word' id='word_1_20' title='bbox 575 765 778 838; x_wconf 81' lang='lat' dir='ltr'>doctissimi</span> <span class='ocrx_word' id='word_1_21' title='bbox 804 755 981 838; x_wconf 81' lang='lat' dir='ltr'>laudabili</span> <span class='ocrx_word' id='word_1_22' title='bbox 1008 792 1096 838; x_wconf 90' lang='lat' dir='ltr'>cura</span> <span class='ocrx_word' id='word_1_23' title='bbox 1119 779 1156 841; x_wconf 91' lang='lat' dir='ltr'>et</span> <span class='ocrx_word' id='word_1_24' title='bbox 1174 769 1260 842; x_wconf 92' lang='lat' dir='ltr'>dili-</span> 
     </span>
     <span class='ocr_line' id='line_1_5' title="bbox 135 915 1259 1015; baseline 0.003 -25"><span class='ocrx_word' id='word_1_25' title='bbox 135 918 358 1015; x_wconf 85' lang='lat' dir='ltr'>gentiacum</span> <span class='ocrx_word' id='word_1_26' title='bbox 373 940 440 988; x_wconf 90' lang='lat' dir='ltr'>sua</span> <span class='ocrx_word' id='word_1_27' title='bbox 454 915 614 988; x_wconf 91' lang='lat' dir='ltr'>editione</span> <span class='ocrx_word' id='word_1_28' title='bbox 633 916 857 989; x_wconf 89' lang='lat' dir='ltr'>coniunctim</span> <span class='ocrx_word' id='word_1_29' title='bbox 874 918 914 988; x_wconf 92' lang='lat' dir='ltr'>in</span> <span class='ocrx_word' id='word_1_30' title='bbox 931 918 1052 989; x_wconf 87' lang='lat' dir='ltr'>lucem</span> <span class='ocrx_word' id='word_1_31' title='bbox 1071 917 1259 1012; x_wconf 82' lang='lat' dir='ltr'><strong>ederetur,</strong></span> 
     </span>
     <span class='ocr_line' id='line_1_6' title="bbox 132 1065 1259 1168; baseline 0.005 -30"><span class='ocrx_word' id='word_1_32' title='bbox 132 1093 209 1139; x_wconf 92' lang='lat' dir='ltr'>non</span> <span class='ocrx_word' id='word_1_33' title='bbox 239 1065 463 1138; x_wconf 84' lang='lat' dir='ltr'><strong>mediocrem</strong></span> <span class='ocrx_word' id='word_1_34' title='bbox 490 1066 625 1154; x_wconf 83' lang='lat' dir='ltr'>animo,</span> <span class='ocrx_word' id='word_1_35' title='bbox 661 1066 760 1162; x_wconf 94' lang='lat' dir='ltr'>quod</span> <span class='ocrx_word' id='word_1_36' title='bbox 792 1092 858 1164; x_wconf 92' lang='lat' dir='ltr'>per</span> <span class='ocrx_word' id='word_1_37' title='bbox 888 1068 1014 1140; x_wconf 79' lang='lat' dir='ltr'>literas</span> <span class='ocrx_word' id='word_1_38' title='bbox 1046 1069 1138 1140; x_wconf 92' lang='lat' dir='ltr'>mihi</span> <span class='ocrx_word' id='word_1_39' title='bbox 1168 1072 1259 1168; x_wconf 90' lang='lat' dir='ltr'>plus</span> 
     </span>
     <span class='ocr_line' id='line_1_7' title="bbox 133 1212 1258 1315; baseline 0.005 -26"><span class='ocrx_word' id='word_1_40' title='bbox 133 1217 247 1289; x_wconf 88' lang='lat' dir='ltr'>semel</span> <span class='ocrx_word' id='word_1_41' title='bbox 264 1223 421 1287; x_wconf 88' lang='lat' dir='ltr'>testatus</span> <span class='ocrx_word' id='word_1_42' title='bbox 440 1225 507 1305; x_wconf 87' lang='lat' dir='ltr'>est,</span> <span class='ocrx_word' id='word_1_43' title='bbox 533 1215 613 1311; x_wconf 91' lang='lat' dir='ltr'>ipse</span> <span class='ocrx_word' id='word_1_44' title='bbox 633 1212 798 1312; x_wconf 84' lang='lat' dir='ltr'>Silligius</span> <span class='ocrx_word' id='word_1_45' title='bbox 823 1218 991 1315; x_wconf 88' lang='lat' dir='ltr'>capiebat</span> <span class='ocrx_word' id='word_1_46' title='bbox 1013 1220 1258 1315; x_wconf 84' lang='lat' dir='ltr'>voluptatem.</span> 
     </span>
     <span class='ocr_line' id='line_1_8' title="bbox 133 1365 1258 1469; baseline 0.004 -29"><span class='ocrx_word' id='word_1_47' title='bbox 133 1365 254 1455; x_wconf 80' lang='lat' dir='ltr'>Quam</span> <span class='ocrx_word' id='word_1_48' title='bbox 267 1367 377 1467; x_wconf 85' lang='lat' dir='ltr'>¹iusta</span> <span class='ocrx_word' id='word_1_49' title='bbox 404 1366 495 1437; x_wconf 90' lang='lat' dir='ltr'>haec</span> <span class='ocrx_word' id='word_1_50' title='bbox 523 1365 601 1438; x_wconf 93' lang='lat' dir='ltr'>eius</span> <span class='ocrx_word' id='word_1_51' title='bbox 627 1367 739 1439; x_wconf 80' lang='lat' dir='ltr'>fuerit</span> <span class='ocrx_word' id='word_1_52' title='bbox 764 1369 949 1464; x_wconf 84' lang='lat' dir='ltr'>voluptas,</span> <span class='ocrx_word' id='word_1_53' title='bbox 985 1369 1084 1465; x_wconf 92' lang='lat' dir='ltr'>quod</span> <span class='ocrx_word' id='word_1_54' title='bbox 1110 1371 1166 1442; x_wconf 94' lang='lat' dir='ltr'>illi</span> <span class='ocrx_word' id='word_1_55' title='bbox 1191 1398 1258 1469; x_wconf 89' lang='lat' dir='ltr'>pa·</span> 
     </span>
     <span class='ocr_line' id='line_1_9' title="bbox 130 1515 1257 1617; baseline 0.005 -27"><span class='ocrx_word' id='word_1_56' title='bbox 130 1520 322 1615; x_wconf 89' lang='lat' dir='ltr'>limpsesto</span> <span class='ocrx_word' id='word_1_57' title='bbox 351 1517 399 1588; x_wconf 90' lang='lat' dir='ltr'>sit</span> <span class='ocrx_word' id='word_1_58' title='bbox 426 1515 664 1588; x_wconf 91' lang='lat' dir='ltr'>statuendum</span> <span class='ocrx_word' id='word_1_59' title='bbox 695 1519 854 1615; x_wconf 91' lang='lat' dir='ltr'>pretium</span> <span class='ocrx_word' id='word_1_60' title='bbox 881 1529 917 1591; x_wconf 90' lang='lat' dir='ltr'>et</span> <span class='ocrx_word' id='word_1_61' title='bbox 944 1519 1033 1615; x_wconf 92' lang='lat' dir='ltr'>quid</span> <span class='ocrx_word' id='word_1_62' title='bbox 1063 1532 1257 1617; x_wconf 87' lang='lat' dir='ltr'>praestan·</span> 
     </span>
     <span class='ocr_line' id='line_1_10' title="bbox 131 1656 1331 1765; baseline 0.007 -24"><span class='ocrx_word' id='word_1_63' title='bbox 131 1670 265 1742; x_wconf 87' lang='lat' dir='ltr'>tissimi</span> <span class='ocrx_word' id='word_1_64' title='bbox 297 1668 418 1765; x_wconf 88' lang='lat' dir='ltr'>operis</span> <span class='ocrx_word' id='word_1_65' title='bbox 452 1666 613 1739; x_wconf 90' lang='lat' dir='ltr'>Pliniani</span> <span class='ocrx_word' id='word_1_66' title='bbox 645 1669 749 1741; x_wconf 90' lang='lat' dir='ltr'>crisis</span> <span class='ocrx_word' id='word_1_67' title='bbox 782 1695 830 1742; x_wconf 87' lang='lat' dir='ltr'>ex</span> <span class='ocrx_word' id='word_1_68' title='bbox 862 1694 905 1742; x_wconf 94' lang='lat' dir='ltr'>eo</span> <span class='ocrx_word' id='word_1_69' title='bbox 938 1682 974 1742; x_wconf 91' lang='lat' dir='ltr'>et</span> <span class='ocrx_word' id='word_1_70' title='bbox 1005 1672 1079 1742; x_wconf 92' lang='lat' dir='ltr'>iam</span> <span class='ocrx_word' id='word_1_71' title='bbox 1109 1672 1259 1750; x_wconf 86' lang='lat' dir='ltr'>lucrata</span> <span class='ocrx_word' id='word_1_72' title='bbox 1329 1656 1331 1661; x_wconf 29' lang='lat'>¹</span> 
     </span>
     <span class='ocr_line' id='line_1_11' title="bbox 133 1800 1300 1919; baseline 0.003 -27"><span class='ocrx_word' id='word_1_73' title='bbox 133 1820 181 1892; x_wconf 91' lang='lat' dir='ltr'>sit</span> <span class='ocrx_word' id='word_1_74' title='bbox 208 1831 244 1891; x_wconf 89' lang='lat' dir='ltr'>et</span> <span class='ocrx_word' id='word_1_75' title='bbox 270 1821 309 1891; x_wconf 90' lang='lat' dir='ltr'>in</span> <span class='ocrx_word' id='word_1_76' title='bbox 335 1829 525 1916; x_wconf 86' lang='lat' dir='ltr'>posterum</span> <span class='ocrx_word' id='word_1_77' title='bbox 553 1820 741 1892; x_wconf 89' lang='lat' dir='ltr'>lucratura</span> <span class='ocrx_word' id='word_1_78' title='bbox 759 1821 807 1893; x_wconf 90' lang='lat' dir='ltr'>sit</span> <span class='ocrx_word' id='word_1_79' title='bbox 828 1822 1010 1912; x_wconf 87' lang='lat' dir='ltr'>utilitatis,</span> <span class='ocrx_word' id='word_1_80' title='bbox 1037 1847 1150 1919; x_wconf 89' lang='lat' dir='ltr'>penes</span> <span class='ocrx_word' id='word_1_81' title='bbox 1174 1823 1256 1896; x_wconf 92' lang='lat' dir='ltr'>ido·</span> <span class='ocrx_word' id='word_1_82' title='bbox 1299 1800 1300 1803; x_wconf 8' lang='grc' dir='ltr'><strong>Ἴ</strong></span> 
     </span>
     <span class='ocr_line' id='line_1_12' title="bbox 132 1970 1256 2060; baseline 0.004 -15"><span class='ocrx_word' id='word_1_83' title='bbox 132 1997 223 2045; x_wconf 91' lang='lat' dir='ltr'>neos</span> <span class='ocrx_word' id='word_1_84' title='bbox 250 1973 383 2044; x_wconf 91' lang='lat' dir='ltr'>harum</span> <span class='ocrx_word' id='word_1_85' title='bbox 408 1996 533 2044; x_wconf 90' lang='lat' dir='ltr'>rerum</span> <span class='ocrx_word' id='word_1_86' title='bbox 560 1972 718 2044; x_wconf 83' lang='lat' dir='ltr'>arbitros</span> <span class='ocrx_word' id='word_1_87' title='bbox 746 1973 794 2045; x_wconf 89' lang='lat' dir='ltr'>sit</span> <span class='ocrx_word' id='word_1_88' title='bbox 815 1973 1000 2046; x_wconf 89' lang='lat' dir='ltr'>iudicium.</span> <span class='ocrx_word' id='word_1_89' title='bbox 1029 1970 1132 2060; x_wconf 80' lang='lat' dir='ltr'>Quae</span> <span class='ocrx_word' id='word_1_90' title='bbox 1149 2000 1256 2049; x_wconf 89' lang='lat' dir='ltr'>meae</span> 
     </span>
     <span class='ocr_line' id='line_1_13' title="bbox 131 2120 1255 2219; baseline 0.003 -24"><span class='ocrx_word' id='word_1_91' title='bbox 131 2125 171 2195; x_wconf 91' lang='lat' dir='ltr'>in</span> <span class='ocrx_word' id='word_1_92' title='bbox 198 2123 323 2197; x_wconf 87' lang='lat' dir='ltr'>codice</span> <span class='ocrx_word' id='word_1_93' title='bbox 350 2120 495 2196; x_wconf 90' lang='lat' dir='ltr'>edendo</span> <span class='ocrx_word' id='word_1_94' title='bbox 522 2132 646 2194; x_wconf 90' lang='lat' dir='ltr'>essent</span> <span class='ocrx_word' id='word_1_95' title='bbox 671 2133 807 2219; x_wconf 86' lang='lat' dir='ltr'>partes,</span> <span class='ocrx_word' id='word_1_96' title='bbox 835 2125 970 2197; x_wconf 86' lang='lat' dir='ltr'>casita</span> <span class='ocrx_word' id='word_1_97' title='bbox 994 2124 1255 2199; x_wconf 90' lang='lat' dir='ltr'>administran-</span> 
     </span>
     <span class='ocr_line' id='line_1_14' title="bbox 133 2273 1254 2372; baseline 0.001 -25"><span class='ocrx_word' id='word_1_98' title='bbox 133 2274 199 2347; x_wconf 88' lang='lat' dir='ltr'>das</span> <span class='ocrx_word' id='word_1_99' title='bbox 213 2275 304 2346; x_wconf 88' lang='lat' dir='ltr'>mihi</span> <span class='ocrx_word' id='word_1_100' title='bbox 321 2273 462 2369; x_wconf 82' lang='lat' dir='ltr'>putavi,</span> <span class='ocrx_word' id='word_1_101' title='bbox 476 2283 518 2343; x_wconf 94' lang='lat' dir='ltr'>ut</span> <span class='ocrx_word' id='word_1_102' title='bbox 531 2273 640 2345; x_wconf 92' lang='lat' dir='ltr'>novis</span> <span class='ocrx_word' id='word_1_103' title='bbox 653 2273 845 2346; x_wconf 89' lang='lat' dir='ltr'>literarum</span> <span class='ocrx_word' id='word_1_104' title='bbox 862 2275 990 2347; x_wconf 83' lang='lat' dir='ltr'>formis</span> <span class='ocrx_word' id='word_1_105' title='bbox 1008 2275 1100 2347; x_wconf 85' lang='lat' dir='ltr'>fusis</span> <span class='ocrx_word' id='word_1_106' title='bbox 1120 2277 1254 2372; x_wconf 84' lang='lat' dir='ltr'>signis-</span> 
     </span>
     <span class='ocr_line' id='line_1_15' title="bbox 133 2420 1254 2523; baseline 0.002 -25"><span class='ocrx_word' id='word_1_107' title='bbox 133 2451 204 2523; x_wconf 90' lang='lat' dir='ltr'>que</span> <span class='ocrx_word' id='word_1_108' title='bbox 241 2422 333 2496; x_wconf 90' lang='lat' dir='ltr'>adeo</span> <span class='ocrx_word' id='word_1_109' title='bbox 375 2420 622 2494; x_wconf 87' lang='lat' dir='ltr'>emendatoris</span> <span class='ocrx_word' id='word_1_110' title='bbox 659 2423 840 2497; x_wconf 90' lang='lat' dir='ltr'>imitando</span> <span class='ocrx_word' id='word_1_111' title='bbox 877 2425 1008 2496; x_wconf 90' lang='lat' dir='ltr'>effictis</span> <span class='ocrx_word' id='word_1_112' title='bbox 1045 2434 1155 2521; x_wconf 87' lang='lat' dir='ltr'>atque</span> <span class='ocrx_word' id='word_1_113' title='bbox 1194 2453 1254 2500; x_wconf 89' lang='lat' dir='ltr'>ec·</span> 
     </span>
     <span class='ocr_line' id='line_1_16' title="bbox 133 2575 1254 2674; baseline 0.003 -24"><span class='ocrx_word' id='word_1_114' title='bbox 133 2588 261 2650; x_wconf 89' lang='lat' dir='ltr'>curata</span> <span class='ocrx_word' id='word_1_115' title='bbox 296 2575 526 2670; x_wconf 84' lang='lat' dir='ltr'>singularum</span> <span class='ocrx_word' id='word_1_116' title='bbox 560 2575 782 2670; x_wconf 86' lang='lat' dir='ltr'>paginarum</span> <span class='ocrx_word' id='word_1_117' title='bbox 822 2576 1068 2674; x_wconf 78' lang='lat' dir='ltr'>descriptione</span> <span class='ocrx_word' id='word_1_118' title='bbox 1104 2590 1254 2653; x_wconf 88' lang='lat' dir='ltr'>servata</span> 
     </span>
     <span class='ocr_line' id='line_1_17' title="bbox 134 2724 1254 2824; baseline 0.002 -23"><span class='ocrx_word' id='word_1_119' title='bbox 134 2726 334 2824; x_wconf 84' lang='lat' dir='ltr'>singularis</span> <span class='ocrx_word' id='word_1_120' title='bbox 365 2724 453 2797; x_wconf 89' lang='lat' dir='ltr'>libri</span> <span class='ocrx_word' id='word_1_121' title='bbox 483 2725 690 2821; x_wconf 90' lang='lat' dir='ltr'>proprietas</span> <span class='ocrx_word' id='word_1_122' title='bbox 724 2737 761 2799; x_wconf 92' lang='lat' dir='ltr'>et</span> <span class='ocrx_word' id='word_1_123' title='bbox 790 2726 867 2800; x_wconf 88' lang='lat' dir='ltr'>fida</span> <span class='ocrx_word' id='word_1_124' title='bbox 897 2725 976 2799; x_wconf 88' lang='lat' dir='ltr'>eius</span> <span class='ocrx_word' id='word_1_125' title='bbox 1006 2728 1129 2824; x_wconf 86' lang='lat' dir='ltr'>imago</span> <span class='ocrx_word' id='word_1_126' title='bbox 1165 2742 1254 2803; x_wconf 88' lang='lat' dir='ltr'>ante</span> 
     </span>
     <span class='ocr_line' id='line_1_18' title="bbox 118 2831 1253 2976; baseline -0.001 -24"><span class='ocrx_word' id='word_1_127' title='bbox 118 2831 259 2952; x_wconf 71' lang='lat' dir='ltr'>baulos</span> <span class='ocrx_word' id='word_1_128' title='bbox 287 2885 503 2973; x_wconf 81' lang='lat' dir='ltr'>poneretur3</span> <span class='ocrx_word' id='word_1_129' title='bbox 537 2877 626 2972; x_wconf 90' lang='lat' dir='ltr'>quin</span> <span class='ocrx_word' id='word_1_130' title='bbox 660 2877 863 2974; x_wconf 85' lang='lat' dir='ltr'>scripturae</span> <span class='ocrx_word' id='word_1_131' title='bbox 893 2879 1018 2950; x_wconf 89' lang='lat' dir='ltr'>literas</span> <span class='ocrx_word' id='word_1_132' title='bbox 1051 2878 1161 2949; x_wconf 90' lang='lat' dir='ltr'>unius</span> <span class='ocrx_word' id='word_1_133' title='bbox 1188 2903 1253 2976; x_wconf 87' lang='lat' dir='ltr'>pa-</span> 
     </span>
     <span class='ocr_line' id='line_1_19' title="bbox 132 3025 1253 3127; baseline 0.004 -27"><span class='ocrx_word' id='word_1_134' title='bbox 132 3031 241 3127; x_wconf 86' lang='lat' dir='ltr'>ginae</span> <span class='ocrx_word' id='word_1_135' title='bbox 258 3027 420 3122; x_wconf 85' lang='lat' dir='ltr'>imagine</span> <span class='ocrx_word' id='word_1_136' title='bbox 437 3027 476 3098; x_wconf 96' lang='lat' dir='ltr'>in</span> <span class='ocrx_word' id='word_1_137' title='bbox 494 3025 617 3123; x_wconf 88' lang='lat' dir='ltr'>lapide</span> <span class='ocrx_word' id='word_1_138' title='bbox 636 3049 814 3124; x_wconf 87' lang='lat' dir='ltr'>expressa</span> <span class='ocrx_word' id='word_1_139' title='bbox 830 3028 882 3100; x_wconf 88' lang='lat' dir='ltr'>ita</span> <span class='ocrx_word' id='word_1_140' title='bbox 900 3029 1096 3101; x_wconf 87' lang='lat' dir='ltr'>assimilari</span> <span class='ocrx_word' id='word_1_141' title='bbox 1113 3031 1253 3124; x_wconf 86' lang='lat' dir='ltr'>curavi,</span> 
     </span>
     <span class='ocr_line' id='line_1_20' title="bbox 131 3176 1254 3275; baseline 0.003 -22"><span class='ocrx_word' id='word_1_142' title='bbox 131 3192 176 3254; x_wconf 94' lang='lat' dir='ltr'>ut</span> <span class='ocrx_word' id='word_1_143' title='bbox 212 3179 276 3275; x_wconf 94' lang='lat' dir='ltr'>qui</span> <span class='ocrx_word' id='word_1_144' title='bbox 309 3176 552 3273; x_wconf 84' lang='lat' dir='ltr'>legendorum</span> <span class='ocrx_word' id='word_1_145' title='bbox 591 3177 943 3274; x_wconf 87' lang='lat' dir='ltr'>tractandorumque</span> <span class='ocrx_word' id='word_1_146' title='bbox 978 3177 1146 3252; x_wconf 88' lang='lat' dir='ltr'>codicum</span> <span class='ocrx_word' id='word_1_147' title='bbox 1180 3207 1254 3256; x_wconf 91' lang='lat' dir='ltr'>usu</span> 
     </span>
     <span class='ocr_line' id='line_1_21' title="bbox 133 3327 1253 3428; baseline -0.004 -22"><span class='ocrx_word' id='word_1_148' title='bbox 133 3341 243 3428; x_wconf 91' lang='lat' dir='ltr'>atque</span> <span class='ocrx_word' id='word_1_149' title='bbox 270 3327 533 3402; x_wconf 78' lang='lat' dir='ltr'>exercitatione</span> <span class='ocrx_word' id='word_1_150' title='bbox 565 3328 724 3425; x_wconf 87' lang='lat' dir='ltr'>praediti</span> <span class='ocrx_word' id='word_1_151' title='bbox 756 3330 882 3402; x_wconf 88' lang='lat' dir='ltr'>oculos</span> <span class='ocrx_word' id='word_1_152' title='bbox 914 3330 1053 3403; x_wconf 90' lang='lat' dir='ltr'>habent</span> <span class='ocrx_word' id='word_1_153' title='bbox 1086 3328 1253 3404; x_wconf 88' lang='lat' dir='ltr'>eruditos</span> 
     </span>
     <span class='ocr_line' id='line_1_22' title="bbox 133 3477 1254 3577; baseline -0.001 -24"><span class='ocrx_word' id='word_1_154' title='bbox 133 3483 178 3556; x_wconf 92' lang='lat' dir='ltr'>de</span> <span class='ocrx_word' id='word_1_155' title='bbox 215 3478 443 3552; x_wconf 86' lang='lat' dir='ltr'>Veronensis</span> <span class='ocrx_word' id='word_1_156' title='bbox 480 3477 567 3553; x_wconf 92' lang='lat' dir='ltr'>libri</span> <span class='ocrx_word' id='word_1_157' title='bbox 606 3480 826 3575; x_wconf 86' lang='lat' dir='ltr'>antiquitate</span> <span class='ocrx_word' id='word_1_158' title='bbox 860 3481 967 3553; x_wconf 85' lang='lat' dir='ltr'>facile</span> <span class='ocrx_word' id='word_1_159' title='bbox 1002 3481 1147 3577; x_wconf 87' lang='lat' dir='ltr'>possint</span> <span class='ocrx_word' id='word_1_160' title='bbox 1179 3481 1254 3576; x_wconf 93' lang='lat' dir='ltr'>ipsi</span> 
     </span>
     <span class='ocr_line' id='line_1_23' title="bbox 131 3631 303 3706; baseline -0.035 0"><span class='ocrx_word' id='word_1_161' title='bbox 131 3631 303 3706; x_wconf 90' lang='lat' dir='ltr'>iudicare.</span> 
     </span>
    </p>

    <p class='ocr_par' dir='ltr' id='par_1_3' title="bbox 133 3777 1254 4028">
     <span class='ocr_line' id='line_1_24' title="bbox 182 3777 1252 3879; baseline 0.005 -28"><span class='ocrx_word' id='word_1_162' title='bbox 182 3777 327 3851; x_wconf 90' lang='lat' dir='ltr'>Deinde</span> <span class='ocrx_word' id='word_1_163' title='bbox 358 3804 441 3853; x_wconf 90' lang='lat' dir='ltr'>cum</span> <span class='ocrx_word' id='word_1_164' title='bbox 469 3779 634 3855; x_wconf 83' lang='lat' dir='ltr'>edoctis</span> <span class='ocrx_word' id='word_1_165' title='bbox 666 3783 806 3879; x_wconf 86' lang='lat' dir='ltr'>aliquot</span> <span class='ocrx_word' id='word_1_166' title='bbox 837 3783 1060 3871; x_wconf 89' lang='lat' dir='ltr'>hominibus,</span> <span class='ocrx_word' id='word_1_167' title='bbox 1092 3807 1184 3878; x_wconf 90' lang='lat' dir='ltr'>quos</span> <span class='ocrx_word' id='word_1_168' title='bbox 1212 3783 1252 3856; x_wconf 91' lang='lat' dir='ltr'>in</span> 
     </span>
     <span class='ocr_line' id='line_1_25' title="bbox 133 3907 1254 4028; baseline 0.005 -28"><span class='ocrx_word' id='word_1_169' title='bbox 133 3927 328 4001; x_wconf 91' lang='lat' dir='ltr'>consilium</span> <span class='ocrx_word' id='word_1_170' title='bbox 341 3907 489 4018; x_wconf 63' lang='lat' dir='ltr'>rocavi,¹</span> <span class='ocrx_word' id='word_1_171' title='bbox 503 3928 713 4005; x_wconf 87' lang='lat' dir='ltr'>admonitus</span> <span class='ocrx_word' id='word_1_172' title='bbox 728 3955 858 4023; x_wconf 88' lang='lat' dir='ltr'>essem,</span> <span class='ocrx_word' id='word_1_173' title='bbox 875 3942 928 4023; x_wconf 86' lang='lat' dir='ltr'>ut,</span> <span class='ocrx_word' id='word_1_174' title='bbox 947 3933 978 4004; x_wconf 92' lang='lat' dir='ltr'>si</span> <span class='ocrx_word' id='word_1_175' title='bbox 996 3930 1085 4028; x_wconf 91' lang='lat' dir='ltr'>quid</span> <span class='ocrx_word' id='word_1_176' title='bbox 1099 3932 1137 4004; x_wconf 92' lang='lat' dir='ltr'>in</span> <span class='ocrx_word' id='word_1_177' title='bbox 1152 3932 1254 4006; x_wconf 91' lang='lat' dir='ltr'>Plini</span> 
     </span>
    </p>
   </div>
   <div class='ocr_carea' id='block_1_3' title="bbox 133 4079 1254 4180">
    <p class='ocr_par' dir='ltr' id='par_1_4' title="bbox 133 4079 1254 4180">
     <span class='ocr_line' id='line_1_26' title="bbox 133 4079 1254 4180; baseline 0.009 -31"><span class='ocrx_word' id='word_1_178' title='bbox 133 4101 227 4174; x_wconf 91' lang='lat' dir='ltr'>quae</span> <span class='ocrx_word' id='word_1_179' title='bbox 254 4080 345 4151; x_wconf 91' lang='lat' dir='ltr'>meis</span> <span class='ocrx_word' id='word_1_180' title='bbox 373 4079 581 4178; x_wconf 90' lang='lat' dir='ltr'>sumptibus</span> <span class='ocrx_word' id='word_1_181' title='bbox 608 4082 774 4180; x_wconf 90' lang='lat' dir='ltr'>prodiret</span> <span class='ocrx_word' id='word_1_182' title='bbox 800 4081 959 4158; x_wconf 86' lang='lat' dir='ltr'>editione</span> <span class='ocrx_word' id='word_1_183' title='bbox 977 4107 1135 4158; x_wconf 87' lang='lat' dir='ltr'>vacuum</span> <span class='ocrx_word' id='word_1_184' title='bbox 1153 4098 1254 4159; x_wconf 90' lang='lat' dir='ltr'>esset</span> 
     </span>
    </p>
   </div>
   <div class='ocr_carea' id='block_1_4' title="bbox 134 4229 1253 4332">
    <p class='ocr_par' dir='ltr' id='par_1_5' title="bbox 134 4229 1253 4332">
     <span class='ocr_line' id='line_1_27' title="bbox 134 4229 1253 4332; baseline 0.007 -30"><span class='ocrx_word' id='word_1_185' title='bbox 134 4230 247 4329; x_wconf 87' lang='lat' dir='ltr'>spati,</span> <span class='ocrx_word' id='word_1_186' title='bbox 281 4229 321 4303; x_wconf 89' lang='lat' dir='ltr'>id</span> <span class='ocrx_word' id='word_1_187' title='bbox 352 4231 603 4330; x_wconf 89' lang='lat' dir='ltr'>impenderem</span> <span class='ocrx_word' id='word_1_188' title='bbox 631 4230 817 4308; x_wconf 80' lang='lat' dir='ltr'>Frederici</span> <span class='ocrx_word' id='word_1_189' title='bbox 849 4231 1007 4331; x_wconf 56' lang='lat' dir='ltr'>&amp;oaesi</span> <span class='ocrx_word' id='word_1_190' title='bbox 1036 4237 1075 4310; x_wconf 93' lang='lat' dir='ltr'>in</span> <span class='ocrx_word' id='word_1_191' title='bbox 1110 4237 1253 4332; x_wconf 88' lang='lat' dir='ltr'>aliquot</span> 
     </span>
    </p>
   </div>
   <div class='ocr_carea' id='block_1_5' title="bbox 0 0 1384 4734">
    <p class='ocr_par' dir='ltr' id='par_1_6' title="bbox 0 0 1384 4734">
     <span class='ocr_line' id='line_1_28' title="bbox 0 0 1384 4734; baseline 0 0"><span class='ocrx_word' id='word_1_192' title='bbox 0 0 1384 4734; x_wconf 95' lang='lat' dir='ltr'> </span> 
     </span>
    </p>
   </div>
  </div>
 </body>
</html>
