2760 4734
187 276 228 339 52
675 295 817 337 anonovr

230 445 270 508 [t,
291 445 336 507 ab]
363 445 422 510 Spei
442 446 543 495 alicuius
562 443 712 507 audacioris]
741 447 848 497 lli-uam
866 444 1012 497 Pintianus
1038 449 1168 501 venditat
1187 448 1320 501 οοοοαοηι

186 532 275 593 Neque
291 532 358 580 enirn
374 533 481 580 emimus
498 532 538 579 rel
555 531 694 581 titivillitio.
720 529 783 593 Spes
798 528 916 578 audacior
933 538 986 592 est,
1005 546 1081 595 quae
1100 533 1208 586 Iustino
1223 552 1273 601 ques
1284 535 1321 585 iss·

183 616 267 679 proba.
290 615 335 664 lib.
347 621 379 663 22
393 613 429 676 ['l‚
442 613 482 676 t]:
500 613 598 677 quispe
613 614 722 677 improba
738 628 836 677 requam
853 610 923 661 utta
939 610 1059 677 Africae
1076 616 1220 681 amplexus.
1239 620 1278 669 lib.
1291 626 1319 671 st

187 697 223 760 [2,
236 696 278 759 ῆι
290 698 411 762 imperium
423 714 464 761 spe
476 698 584 761 improba
597 697 666 745 totius
677 696 740 745 orbis
752 694 863 760 amplexi

221 781 257 844 [7‚
269 780 314 844 39]
332 781 386 832 Nos
396 781 420 830 si
429 780 487 830 laec
504 790 527 830 et
541 780 586 829 illa
596 780 719 829 credamus
734 779 779 829 rite
788 777 862 842 flers]
880 780 982 832 Omnes
996 784 1138 848 quinque:
1150 783 1205 834 Eos
1215 784 1268 835 late
1276 800 1319 835 ers·

186 866 271 915 domm
282 867 326 914 rite
337 865 452 915 extranei.
479 859 518 913 Τὰ
530 865 558 926 si,
575 872 598 913 et
613 863 664 925 illa,
674 863 743 926 fieri,
759 878 892 926 nusquam.
915 865 1025 915 Deinde
1043 869 1184 931 optimust
1198 884 1318 933 quaequae

185 948 239 999 illos
253 949 364 1014 rellqione
380 957 508 999 mutuatur.
525 950 609 999 Locus
621 956 659 999 eet
671 949 788 1011 egregius
800 955 825 997 et
836 949 930 1009 dignus
946 963 1034 1012 quem
1049 967 1237 1016 assequamur.
1253 952 1318 1015 Quor

185 1034 221 1082 sic
233 1033 372 1083 tentabam:
388 1031 436 1081 Eis
451 1031 509 1080 laec
524 1031 655 1081 medamus.
673 1032 727 1080 item
744 1031 854 1079 extranei
869 1030 1019 1093 interuentu,
1036 1042 1087 1083 aut
1104 1035 1131 1085 si
1147 1034 1263 1087 domium
1275 1050 1318 1099 spt-

185 1126 260 1165 ctetur
270 1116 352 1181 infans
367 1132 384 1164 a
395 1115 486 1164 nutrice
499 1123 566 1163 terna
578 1113 672 1179 adspui.
690 1129 826 1178 quanquam
842 1112 895 1162 illos
907 1113 1031 1178 reliqioue
1049 1124 1155 1169 tutatrtr
1171 1128 1195 1169 et
1206 1119 1315 1179 ramma

185 1200 351 1263 imperatorum
368 1216 465 1262 quoque,
480 1214 526 1246 uon
542 1196 616 1247 solum
633 1198 759 1262 infantium
774 1204 864 1246 oratos:
880 1197 923 1259 qui
938 1195 1004 1247 deus
1017 1200 1089 1249 inter
1100 1218 1181 1251 sacra
1191 1202 1316 1253 Ronaru

192 1282 325 1332 Vestalibus
336 1281 433 1344 colitur‚·
448 1290 470 1329 et
481 1298 563 1330 currus
575 1280 775 1345 triumphantium,
787 1281 830 1329 sut
841 1279 877 1328 ltu
885 1279 1006 1344 pendens,
1024 1282 1147 1347 dffemdit
1157 1284 1257 1335 modas
1265 1284 1315 1335 tiul-

186 1366 255 1417 diae:
275 1367 381 1428 iubetque
397 1365 487 1414 eosdem
504 1365 618 1429 respicere
633 1364 717 1413 aradis
732 1362 850 1413 medicina
866 1362 976 1427 linquae,
996 1375 1026 1414 ut
1041 1368 1083 1417 sit
1099 1378 1206 1419 exorata
1220 1370 1315 1447 Qu

185 1450 285 1514 qloriae,
304 1465 320 1496 a
338 1457 402 1513 terqo
413 1448 554 1512 carnificem.
578 1450 686 1498 Dixerat
703 1448 818 1512 superius
832 1445 868 1509 [7,
880 1445 938 1507 et]:
962 1446 1112 1502 &edamus
1123 1470 1183 1520 erpo
1193 1462 1217 1505 st
1226 1452 1314 1503 Matar

187 1533 318 1596 leprasque,
331 1542 377 1582 etc.
395 1534 463 1582 Huic
474 1534 619 1595 respondet,
630 1530 678 1580 Eis
687 1529 831 1593 (Marcioni,
842 1531 937 1595 Opilio,
947 1531 1067 1598 Salpae)
1081 1536 1148 1588 irasc
1159 1538 1279 1597 cratim
1289 1544 1312 1585 et

186 1618 252 1679 quod
265 1617 385 1678 sequitur.
402 1614 462 1664 Illos
473 1624 535 1678 puta
546 1616 663 1676 infantes,
679 1631 745 1678 quos
756 1616 904 1678 adspuendo
916 1622 993 1665 terna
1005 1621 1092 1669 tutari
1105 1623 1200 1672 volant
1209 1621 1312 1679 numm,

185 1698 296 1762 rellqioue
313 1705 402 1746 tutatur
417 1706 440 1745 et
450 1698 576 1758 Fuscinas,
593 1700 664 1748 cuins
679 1700 779 1760 insigne
796 1698 937 1747 amuletum
954 1714 1124 1763 suspensum
1142 1719 1158 1753 ο
1174 1705 1310 1767 collorum

185 1786 254 1832 bunt.
276 1781 388 1844 Iubetque
404 1779 493 1829 eosdem
511 1780 614 1844 recipere
625 1783 703 1831 etiam
714 1782 858 1832 Vossianus
874 1781 1058 1845 Iohannisque
1071 1786 1203 1837 Andreae
1218 1794 1244 1837 st
1256 1788 1310 1835 bunt

185 1874 285 1916 secutae
300 1866 433 1916 editiones:
450 1868 493 1915 sed
509 1880 585 1928 quern
601 1879 703 1915 sensum
719 1881 807 1914 eorum
817 1866 917 1927 fingunt
928 1866 1073 1917 Turnebus
1092 1876 1121 1919 et
1132 1872 1309 1935 Daleeumpirt,

185 1951 258 2011 nulli,
275 1952 373 2013 opinor,
392 1965 454 1998 sano
466 1950 638 2013 probaverint:
655 1958 679 1998 et
692 1949 835 2012 frequenter
846 1950 910 1997 haec
923 1951 975 1998 duo
987 1951 1073 2001 verba
1086 1952 1237 2005 confudisse
1246 1954 1309 2003 libra·

185 2036 235 2083 rios
252 2035 446 2083 observavimus.
464 2033 587 2083 Fuscinas
605 2041 690 2081 autem
708 2034 754 2083 sub
768 2048 842 2082 curru
853 2033 966 2095 pendeus
978 2033 1073 2084 iubere
1086 2037 1145 2086 sire
1155 2036 1309 2101 reaper-edre

185 2116 300 2179 respicere
316 2117 529 2179 quemadmodum
546 2124 631 2179 potest
648 2116 715 2165 diui?
733 2117 771 2166 At
786 2113 871 2163 amitus
890 2116 1002 2165 Festino
1020 2115 1153 2167 medicina
1169 2118 1310 2184 linquae‚id

185 2208 231 2260 est,
243 2214 328 2249 servus
339 2200 463 2263 publicus,
480 2200 545 2249 alter
556 2199 666 2248 invidiae
678 2199 791 2249 medicus
803 2196 860 2262 (qni
872 2204 988 2262 portetur
999 2202 1097 2249 eodem
1111 2216 1200 2265 cuma,
1216 2210 1242 2253 st
1251 2204 1309 2253 irsa

184 2286 262 2335 tidem
275 2285 350 2345 canit,
366 2282 467 2346 Respice
481 2289 535 2346 post
551 2280 593 2344 te),
611 2297 691 2344 quum
706 2282 800 2332 ibidem
819 2283 852 2331 sit
866 2278 959 2329 κώδων
972 2290 999 2331 et
1009 2280 1132 2346 μάστιξ,
1151 2286 1309 2339 inmuta

185 2369 317 2428 carnificis,
334 2369 461 2430 quomodo
472 2367 559 2415 iubeat
571 2366 754 2428 triumphantes
766 2380 783 2413 a
795 2373 859 2428 terqo
870 2364 985 2428 respicere
996 2365 1152 2429 carnuficem,
1169 2368 1247 2419 facile
1256 2368 1308 2419 mibi

185 2466 274 2515 cupere
291 2452 384 2500 videor.
411 2450 505 2497 Mirum
523 2456 620 2509 autem,
641 2449 668 2496 in
684 2456 795 2511 quatuor
810 2450 883 2499 codd
900 2449 1008 2498 eundem
1028 2450 1161 2501 lacunam
1182 2452 1308 2505 contrat

184 2536 308 2597 scripturn
323 2532 484 2582 dissimulari.
508 2532 550 2582 Sic
568 2533 636 2581 enim
653 2546 741 2581 omnes
758 2541 857 2595 praeter
868 2532 1005 2595 optimum:
1023 2532 1073 2594 qui
1084 2531 1146 2583 deus
1158 2535 1223 2584 iuter
1232 2548 1308 2599 sapum

123 2626 173 2671 800
185 2615 265 2664 eadem
276 2616 414 2679 striqmeutu
425 2631 442 2662 a
453 2612 542 2662 balneis
553 2622 576 2662 et
587 2612 638 2662 ideo
650 2610 746 2662 mutent
755 2612 929 2678 suppuratoriis
937 2622 985 2663 etc.
1004 2615 1100 2667 Media
1113 2620 1220 2669 desunt.
1235 2616 1307 2669 Accu

185 2701 245 2748 iuter
255 2715 327 2747 sacra
338 2698 419 2747 eadem
430 2698 575 2761 striqmeuta.

220 2781 256 2844 [9,
269 2780 313 2842 42]
333 2781 423 2830 Partus
434 2779 551 2828 accelerat
562 2780 663 2843 viciuos]
682 2782 759 2831 Voss.
768 2789 855 2845 partus
866 2780 954 2830 celerat
964 2779 1068 2831 hermas.
1088 2786 1135 2835 An
1148 2784 1284 2835 haerare?

220 2863 276 2926 [10‚
289 2863 333 2926 43]
355 2861 477 2912 Comitiali
492 2863 570 2911 morbo
586 2861 716 2927 lapsorum]
740 2868 782 2915 Ex
798 2865 900 2916 chinea
917 2873 1011 2914 notant
1026 2864 1097 2915 malo
1115 2884 1171 2917 eum
1190 2868 1306 2935 lapsum

184 2950 260 2998 Voss.
273 2947 441 3012 conlapsorum.

220 3030 277 3093 [12,
290 3031 334 3094 te]
352 3030 431 3095 Atque
447 3032 481 3081 ita
496 3031 594 3095 inquieta
612 3030 739 3096 alllqantes
755 3031 815 3080 licio.
832 3030 869 3081 Et
884 3028 987 3092 clavam]
1010 3032 1094 3083 Voss.
1112 3034 1215 3099 inquiri
1226 3030 1306 3083 adalli-

182 3126 266 3180 quutes
282 3115 346 3165 liceo.
372 3117 461 3165 Forte:
480 3114 557 3163 licium
571 3113 630 3163 telae
643 3115 773 3163 detractum
785 3114 912 3179 stimantes
923 3114 1018 3163 uoueur'ts
1033 3117 1176 3178 septenisve
1191 3116 1266 3177 uadis,
1279 3111 1309 3163 ad

184 3199 288 3264 siuqulos
309 3199 454 3248 uorrsinautes
474 3199 569 3248 uiduam
590 3197 704 3262 aliquam,
725 3206 796 3261 atque
817 3198 852 3247 ita
874 3198 966 3263 inquisti
985 3196 1168 3264 adalliqautes.
1203 3200 1271 3251 Lecto
1289 3206 1309 3247 st

184 3283 275 3331 clauum
292 3283 397 3343 aliudve,
413 3282 477 3345 quod
492 3283 545 3346 quis
560 3282 700 3343 cubaverit,
719 3281 842 3347 alliqatum
855 3283 918 3347 ipsos
934 3283 1012 3332 iubent
1024 3298 1127 3346 perere,
1145 3302 1177 3335 ue
1193 3287 1228 3335 sit
1241 3280 1309 3335 dolati

185 3365 274 3415 uulnus.

221 3449 277 3512 [1:3,
292 3450 339 3513 ¹52]
368 3447 489 3499 cicuitus
504 3467 582 3499 senum
601 3450 785 3515 puerorumque]
808 3451 883 3501 Voss.
901 3464 992 3512 quoque
1008 3466 1151 3514 rarumque.
1180 3454 1228 3503 An
1244 3468 1308 3515 puer·

183 3535 356 3597 perarumquel

220 3617 273 3680 [14,
287 3617 329 3680 56]
348 3618 418 3667 Mero
430 3626 484 3666 aute
496 3635 586 3668 sorartos
603 3618 702 3667 colluere
713 3635 757 3667 ora
769 3625 868 3682 propter
884 3615 984 3680 tatius]
1003 3618 1082 3667 Voss.
1098 3628 1206 3683 propter
1221 3618 1307 3669 aolltua

185 3703 262 3762 Quod
277 3703 359 3752 Acad.
376 3711 401 3751 et
417 3703 550 3766 Menapins
571 3704 733 3752 reddiderunt
751 3711 849 3766 propter
869 3699 992 3749 anhelitus.
1021 3700 1085 3751 Non
1105 3704 1212 3754 videtur
1231 3714 1309 3755 umen

185 3786 246 3833 setis
257 3787 370 3839 rationis.
382 3801 458 3848 quare
470 3788 613 3836 discedatur
625 3803 640 3835 u
651 3788 764 3849 vulgato,
778 3788 847 3850 quod
858 3788 884 3834 in
896 3785 965 3835 And.
978 3792 1055 3833 estet
1067 3782 1203 3837 Gudiano.
1331 3830 1335 3837 .

219 3868 283 3918 Car.
296 3871 328 3919 V.
343 3869 395 3932 [14,
408 3869 452 3931 56]
472 3869 541 3920 Sicut
557 3869 626 3919 totius
642 3870 748 3933 corporis
765 3868 896 3918 ualetudini
911 3870 935 3917 ia
951 3865 1069 3916 verilitate
1080 3867 1161 3919 οἰοῑιοο
1173 3868 1306 3933 omarum]

184 3954 371 4017 Dalecampius,
389 3952 543 4002 ualetudinem
560 3953 640 4000 iuuari
653 3954 744 4002 ratione
760 3954 834 4003 uictus
850 3954 981 4013 obseruata,
998 3953 1079 4015 longe
1095 3968 1113 4003 a
1128 3966 1221 4007 mente
1237 3954 1307 4007 Plinii

184 4040 319 4097 digressus.
337 4037 418 4086 Aead.
431 4037 504 4085 victus
516 4045 539 4083 et
555 4038 685 4085 observata.
704 4038 813 4099 chiflet,
831 4046 882 4087 tres
894 4037 1014 4087 Vossiuni
1028 4036 1232 4104 Gudiannsque:
1247 4040 1305 4089 irai-

184 4127 287 4166 seruata.
316 4120 411 4169 Scribe:
432 4120 492 4167 sicut
508 4120 577 4167 totius
593 4120 698 4182 corporis
719 4120 850 4170 valetudini
869 4121 1006 4169 uarietatem
1027 4118 1105 4169 uictus
1124 4120 1305 4173 inobservatam.

186 4203 380 4265 Intelligendum
402 4204 469 4252 enim
490 4219 523 4253 cx
544 4206 704 4268 praecedenti
725 4204 806 4268 capite
827 4202 922 4271 (neque
944 4204 1011 4253 enim
1034 4218 1092 4253 eam
1117 4204 1303 4257 distinctionem
