2760 4734
180 280 222 343 46
669 294 811 339 cnon0v1

120 458 167 503 795
216 448 268 512 [38‚
283 446 327 509 61]
345 446 466 510 Linyuam
483 444 611 509 excalfacit
623 444 687 493 bulbi
697 460 760 493 more
771 460 813 492 nec
823 449 879 491 ante
890 458 934 492 nec
942 450 1041 507 postea
1052 444 1130 508 utile]
1150 448 1310 501 Faciuntne

180 541 235 581 ante
251 532 314 580 cibos
330 546 371 579 nec
383 538 467 594 postea
483 528 547 579 utile.
564 530 641 580 Voss.
659 527 787 590 excalfacit
803 543 859 575 usus
871 526 965 577 bimone
978 535 1006 577 et
1016 537 1104 579 caute.
1118 538 1151 581 ut
1160 531 1213 583 furo
1223 542 1248 584 ct
1256 532 1310 585 cit

179 620 230 666 flet.
249 616 425 667 Scribendum:
446 612 595 678 Titliymalus
607 612 710 676 linyuarn
722 609 857 674 excalfacit.
879 610 944 661 Usus
958 612 1039 674 bimo,
1057 630 1108 665 nec
1120 622 1181 664 aute
1191 631 1231 665 nec
1236 624 1310 679 purten

179 697 239 748 utili
263 698 305 750 Sic
321 701 366 749 lib.
385 705 429 759 st,
447 704 461 747 9
481 695 539 758 [55,
557 695 614 758 ts]:
637 696 699 746 Usus
716 694 807 745 radicis
821 694 848 744 in
864 694 980 757 trimatu,
998 712 1083 761 neque
1101 705 1164 747 ante
1178 715 1220 749 use
1229 708 1308 764 poma.

179 784 277 832 Eodem
287 783 421 832 Pintienus
433 782 567 842 inungatur.

214 863 267 927 [41,
281 863 324 926 tt]
342 863 373 914 In
385 863 436 913 uini
446 879 491 912 uon
503 863 588 911 ueteris
598 860 691 927 cyathis
701 860 719 911 1
724 859 760 924 V]
782 861 882 912 Nolunt
892 863 921 911 in
931 860 1047 913 chiflet.
1061 866 1163 917 ᾱοοειο
1175 883 1220 917 uun
1229 868 1308 917 nuic

179 949 253 1010 Sane,
269 950 312 999 ubi
324 950 401 1011 vulgo
412 955 549 1011 ponuntur,
566 949 658 997 desunt
669 954 694 996 et
705 947 732 995 in
742 947 883 996 vossiano:
900 954 1006 997 utnon
1024 950 1131 1001 dosunt
1146 952 1234 1015 paullo
1249 962 1309 1017 post:

180 1036 223 1083 sed
235 1040 275 1082 cst
285 1033 330 1082 ihi:
343 1031 368 1079 iu
379 1030 430 1079 uini
440 1030 531 1095 cyathis
543 1038 644 1093 quatuor
655 1046 701 1078 non
713 1028 804 1079 ueteris.

214 1115 266 1177 [54‚
280 1114 323 1176 86]
342 1114 440 1163 Leniter
455 1130 534 1175 suave,
551 1112 695 1175 auleatum]
714 1113 867 1163 Hermolaus
883 1113 962 1163 docet
981 1116 1098 1168 codices
1111 1131 1180 1181 esso,
1195 1120 1222 1169 in
1232 1118 1309 1183 quibat

177 1203 276 1262 legatur
291 1214 363 1247 sseaue
378 1196 458 1246 leuiter
473 1196 619 1259 aculeatum3
640 1198 815 1247 Dioscoridem
830 1211 903 1245 mooe
919 1197 1023 1259 dicero,
1040 1199 1103 1250 hoc
1115 1208 1166 1263 ost,
1177 1197 1308 1263 sllowpm

178 1280 311 1330 aculeatum
327 1296 379 1331 non
395 1282 485 1331 dicere.
503 1283 534 1331 In
551 1281 666 1344 margine
682 1295 715 1329 ex
730 1280 791 1330 Dio.
805 1286 898 1328 notant
913 1287 1027 1330 acutum.
1046 1283 1090 1335 Et
1107 1286 1148 1335 sic
1163 1286 1217 1349 logi
1232 1287 1308 1336 mlo

177 1366 326 1425 Vossianus,
346 1366 372 1413 in
393 1380 443 1428 quo
463 1364 542 1425 altius,
562 1379 635 1413 moue
655 1362 737 1412 leniter
755 1361 855 1412 aculutn.
877 1364 904 1412 id
924 1371 975 1424 est,
997 1380 1091 1427 maus,
1114 1366 1203 1419 lustru
1219 1376 1306 1419 auh.

178 1445 263 1511 Δριμι)
276 1449 427 1498 Dioscoridi.

212 1530 276 1581 cic.
288 1531 336 1579 xl.
350 1529 407 1592 [66‚
422 1532 481 1594 106]
500 1531 671 1583 Pcrninnculos
685 1538 756 1580 curat
770 1530 894 1592 omniaque
910 1528 965 1579 alia
973 1531 1095 1597 friyon's
1111 1535 1186 1585 vitia.
1201 1534 1303 1587 Panh-

177 1613 240 1662 culos
251 1622 320 1662 curat
331 1622 353 1661 et
364 1613 494 1678 cotyledon]
513 1617 628 1665 Verbum
639 1623 708 1663 curat
718 1615 856 1678 posteriore
866 1614 926 1663 loco
938 1614 1067 1667 excludit
1079 1618 1236 1671 Vescinum.
1250 1618 1303 1669 'Im

176 1699 228 1757 ulii,
241 1698 290 1746 ium
303 1697 341 1746 illi
353 1698 454 1759 quidem
465 1698 554 1757 vitiati,
571 1699 591 1747 si
594 1713 607 1745 e
619 1706 711 1756 tumen,
727 1704 756 1746 ut
771 1698 906 1747 ostendunt
921 1697 993 1747 inter
1007 1700 1194 1762 perniunculos
1203 1712 1229 1753 ot
1236 1718 1301 1767 mpu-

176 1782 280 1831 lntivum
291 1781 334 1829 hic
346 1781 410 1828 nihil
422 1781 578 1830 interiectum
595 1781 680 1830 fuisse.
698 1781 801 1830 Habent
817 1779 901 1829 onim:
914 1776 1078 1843 cycnaeum
1095 1783 1197 1837 decaem
1211 1786 1236 1835 in
1247 1800 1302 1849 ayss

174 1863 337 1926 perniunculos
348 1871 371 1911 et
382 1862 501 1928 cotyledon
513 1880 563 1912 cum
575 1863 682 1928 aeunyia
690 1861 757 1923 folio
772 1869 849 1911 curat.
867 1861 995 1925 omniaque
1012 1864 1073 1915 alia
1082 1868 1199 1934 frr'qorts
1212 1869 1264 1921 vids
1276 1884 1300 1917 er

177 1945 307 1995 batrachio.
325 1947 394 1995 Men.
407 1947 496 2010 etipse
508 1948 622 1997 mutilus:
639 1945 786 2011 Cyclaminos
797 1952 821 1993 ct
830 1944 950 2010 cotyledon
962 1964 1018 1997 cum
1030 1952 1155 2016 axunyia
1162 1952 1231 2017 folia
1242 1960 1300 2003 cunt

176 2031 299 2093 omniaque
310 2030 361 2078 alio
370 2029 477 2093 friyoric
488 2030 548 2078 vitia
559 2047 589 2078 ec
601 2029 731 2079 bauaclio.

211 2113 275 2163 Cnr.
287 2113 363 2162 XIII.
378 2110 431 2174 [83‚
446 2112 506 2174 132]
529 2111 660 2162 Tradentes
670 2111 734 2176 quod
744 2113 814 2162 etiam
825 2111 962 2176 sonyuinis]
982 2115 1103 2179 Ignorat
1114 2120 1194 2169 Vosn.
1204 2114 1237 2169 ml
1246 2114 1298 2183 qud

176 2196 254 2245 etiam.
272 2199 363 2246 deinde
378 2198 444 2246 idem
461 2196 532 2246 sistit.
556 2197 643 2247 Scribe
660 2198 749 2258 igitur:
770 2196 817 2245 vim
834 2195 884 2245 eius
899 2192 1077 2249 admirabilem
1101 2200 1237 2263 trdmtu,
1249 2218 1294 2251 sas·

175 2280 253 2344 yuinis
261 2281 381 2344 prey‘luuia
392 2280 429 2328 uel
440 2288 501 2329 tacto
514 2288 604 2328 tantum
615 2295 645 2328 ea
657 2280 721 2341 (hoc
732 2280 799 2329 onim
812 2281 902 2331 ordinm
912 2278 978 2342 Me.)
991 2280 1094 2333 bomine
1104 2286 1170 2337 cisti

210 2361 262 2425 [85,
278 2363 336 2426 137]
354 2362 414 2412 Item
429 2363 548 2428 symphyti
563 2362 653 2412 radicis
668 2362 792 2425 decoctum,
808 2362 909 2413 daucum
925 2362 1039 2427 mtdum]
1059 2368 1150 2421 Amd.
1166 2368 1239 2421 dauci
1250 2386 1293 2419 cn·

175 2446 236 2495 dum.
256 2448 322 2498 Gud.
335 2456 360 2496 ct
370 2449 473 2510 Menup.
486 2445 569 2495 mucis
581 2445 686 2496 crudum.
704 2448 837 2509 Andegsv.
849 2446 940 2495 dauues
950 2447 1065 2501 crudum.
1085 2454 1169 2503 Voss.
1180 2454 1233 2505 itu
1241 2468 1292 2519 ῃ-

172 2528 259 2593 plnytus
279 2529 315 2578 vel
333 2528 422 2577 radicis
442 2527 567 2590 decoctum,
588 2528 675 2577 daucos
692 2529 774 2579 cruda.
801 2530 843 2580 sic
860 2539 886 2579 ot
901 2530 945 2580 lib.
963 2536 1036 2591 25st
1052 2530 1206 2598 [64‚11⁰]=
1223 2534 1294 2587 Duff

173 2628 261 2675 yenera
272 2620 372 2675 quatuor
380 2611 445 2674 fecit
455 2611 581 2661 Petronius
591 2610 717 2673 Diodotus,
732 2628 792 2676 quoe
799 2613 910 2675 persequi
920 2611 983 2662 nibil
992 2615 1093 2680 attinet,
1110 2636 1167 2669 esais
1177 2620 1226 2669 stne
1234 2618 1292 2685 d'ffa

174 2694 264 2742 rentiae
279 2693 356 2754 duac;
370 2695 550 2757 probatissimae
568 2695 592 2743 in
611 2694 695 2757 Creta,
712 2703 760 2745 ete.
785 2698 842 2747 Etsi
858 2698 900 2745 nic
918 2698 996 2748 Voss.
1014 2700 1199 2761 probatissimi.
1223 2704 1293 2755 Scho-

173 2778 258 2826 liestos
266 2777 386 2827 Nicandri
394 2779 427 2826 cd
443 2771 551 2843 θηριακ.
564 2792 628 2827 vers.
642 2786 682 2829 94.
694 2776 796 2844 καρπὸν
808 2775 943 2845 νεοθηλέα
955 2777 1072 2831 dadxou.
1091 2778 1131 2835 Τὸ
1143 2782 1247 2835 dadnou
1255 2780 1292 2833 zai

174 2855 277 2924 dadyou
292 2857 436 2924 γράφεται.
460 2850 611 2923 Ἀντίγονος
625 2860 657 2910 δὲ
675 2859 750 2926 λέγει
768 2860 869 2928 δαῦχον
882 2860 985 2923 ὁμοίως
996 2862 1094 2934 δάφνῃ
1107 2866 1210 2935 πικρὰν
1221 2864 1292 2919 uisu.

176 2938 234 2992 Εἰσὶ
247 2941 278 2992 δὲ
292 2941 341 2992 nto
353 2940 418 3010 γένη
431 2946 480 3008 τῆς
491 2940 602 3006 desinon,
615 2945 631 3009 ἡ
642 2943 694 3005 μὲν
707 2939 838 3012 Κρητική,
850 2946 867 3010 ἡ
880 2944 913 2995 δὲ
924 2937 1086 3013 'ducami-

207 3032 271 3081 Cnn.
283 3031 358 3081 XIV.
376 3029 429 3092 [87,
444 3028 503 3092 146]
522 3029 635 3094 Scythica
650 3030 748 3079 uulnera
764 3030 845 3093 curat]
864 3032 947 3083 Acuti.
962 3031 1030 3083 Scite
1046 3035 1155 3087 vulnera
1171 3039 1247 3089 ccitits
1258 3054 1293 3087 cu·

173 3124 235 3163 rant.
253 3115 321 3166 Gud.
334 3124 360 3164 ot
370 3115 490 3164 Vossiani
503 3117 560 3175 duo,
578 3114 665 3179 Scytbe
676 3114 774 3163 vulnero
784 3115 864 3164 critice
879 3124 971 3164 manc
995 3117 1136 3180 optimus:
1155 3121 1237 3173 Stitae
1250 3120 1292 3171 ml-

173 3215 232 3247 nera
250 3198 362 3263 Scythica
379 3207 469 3247 curant.
489 3199 570 3260 Lege:
588 3197 692 3261 Scythas
712 3197 809 3246 vulnera
825 3198 938 3263 Scythica
954 3207 1047 3251 want
1067 3204 1114 3253 lib.
1129 3210 1176 3271 2⁷,
1193 3214 1204 3257 l
1224 3204 1258 3269 [1,
1268 3202 1291 3267 2]

172 3281 308 3345 Scytbicum
320 3281 414 3330 herbam
426 3297 443 3328 a
453 3280 559 3330 Maeotis
567 3280 702 3344 paludibus.
720 3283 756 3331 sic
767 3283 849 3332 voluit
860 3291 886 3332 et
896 3282 1060 3333 Hermolaus.

207 3364 260 3425 [88,
275 3363 334 3425 148]
356 3363 434 3414 Odore
446 3381 506 3427 quoe
515 3365 588 3427 ferro
596 3365 678 3427 factis
689 3364 820 3413 uulneribus
836 3364 1042 3428 commanducata]
1063 3370 1146 3420 Voss.
1160 3382 1188 3423 et
1198 3374 1290 3435 Auden.

173 3444 204 3498 τὰ
217 3463 278 3510 quae
289 3456 315 3496 ct
326 3447 459 3496 vulneribus
470 3464 523 3498 esso
534 3450 611 3499 Plinii
622 3457 724 3512 nogent.
743 3449 838 3510 Scribe,
855 3448 911 3497 acri
920 3456 944 3497 et
954 3446 1020 3499 dulci
1034 3448 1126 3503 odore.-
1134 3453 1214 3513 serra
1221 3452 1291 3517 suetis

172 3529 366 3581 commanducata
377 3531 509 3594 imponitur.
528 3533 595 3582 Num
606 3541 741 3596 postquam
753 3534 833 3581 semel
849 3532 914 3582 dixit
928 3530 1029 3581 uuluam
1039 3534 1084 3585 vol
1095 3534 1226 3597 ulceribus,
1241 3550 1290 3587 m

172 3632 260 3666 voccm
275 3624 363 3680 postes
378 3617 460 3666 voluit
477 3616 583 3679 intelligi
599 3616 677 3667 ediis
693 3632 754 3678 quae
769 3615 923 3665 calceamueto
932 3617 1009 3680 fucta
1023 3616 1083 3679 siret,
1099 3622 1134 3670 ud
1152 3620 1290 3671 mmmdc-

171 3704 203 3750 snl
213 3700 285 3762 ferro
295 3700 381 3763 sactis.
399 3702 544 3750 Pronomen
556 3701 622 3751 Gud.
636 3715 744 3762 quoque,
757 3701 859 3764 Mensp.
871 3707 898 3750 ot
908 3700 989 3750 Acud.
1001 3714 1170 3765 expungunt.

205 3784 269 3835 Cur.
281 3784 341 3833 XV.
360 3782 412 3844 [90‚
428 3781 487 3844 151]
506 3780 537 3830 In
554 3782 686 3830 universum
701 3782 823 3831 Paeoniae
843 3781 928 3831 norbae
946 3781 1035 3844 semen]
1061 3786 1143 3837 Voss.
1165 3782 1288 3839 cunici

171 3868 264 3916 lterbae.
282 3868 316 3916 Et
333 3869 393 3929 quid
411 3882 440 3916 eo
453 3868 533 3930 opus?
552 3867 595 3915 lib.
609 3872 650 3927 25,
663 3873 678 3915 4
692 3863 744 3927 [10,
758 3864 816 3927 29]:
840 3865 1003 3915 Vetustissina
1019 3867 1119 3917 inventu
1129 3868 1246 3921 Paeonio
1254 3876 1290 3927 etl,-

171 3965 295 4012 nomenque
306 3951 409 3998 auctoris
420 3951 509 3999 retinct.
534 3994 537 3999 .
831 3960 834 3965 ’
859 3958 864 3967 “

206 4032 258 4094 [91],
272 4031 332 4095 152]
345 4032 438 4083 Nidore
450 4040 541 4097 puryat
557 4031 651 4093 vulvas]
669 4034 745 4083 Voss.
759 4034 808 4094 hic,
825 4032 931 4097 corripite
949 4048 1002 4083 non
1013 4036 1147 4099 superiore
1165 4052 1249 4099 vens,
1261 4038 1290 4087 al

171 4132 245 4177 quoni
262 4124 385 4166 annotant
397 4134 429 4168 ex
441 4118 541 4167 Chiflot.
565 4117 607 4166 sic
623 4117 666 4164 lib.
680 4123 719 4175 20,
734 4121 747 4163 5
762 4115 815 4177 [15,
828 4116 885 4179 30]:
902 4117 1069 4180 suffocationes
1086 4118 1215 4171 mulierum
1231 4118 1289 4171 dolo·
