2760 4734
164 265 205 330 56
387 272 394 283 ‘
651 281 793 325 cuonem

199 434 253 498 [18,
262 431 306 495 29]
319 430 432 484 Redditis
444 431 580 480 aPorsena
589 429 614 479 in
626 429 734 479 honorem
746 427 808 491 eius]
820 431 896 480 Voce.
905 430 972 481 (iud.
981 432 1050 480 Men.
1058 432 1142 480 Acen.
1151 430 1285 481 Porsenna.

163 521 200 570 Ut
211 527 236 568 et
249 533 318 578 mox,
336 531 396 579 quae
408 502 546 564 Porsennae
558 514 715 563 mittebantur,
736 514 793 562 Lib.
805 519 847 574 54,
863 520 894 564 14
907 512 960 576 [39,
976 512 1092 575 1³9]:In
1100 513 1209 577 foedere,
1222 513 1287 577 quod

164 600 266 666 espulsit
280 601 374 665 repibue
387 597 474 662 populo
485 598 594 648 Romane
606 596 672 646 dedit
683 597 816 647 Porsenna.
832 597 890 647 Lib.
903 603 944 660 85,
960 605 989 648 13
1005 596 1127 661 [19,91]:
1145 599 1286 662 quemfecit

163 686 209 736 sulti
218 684 348 736 Porsinna.
365 684 454 746 Neque
470 683 543 732 aliter
558 685 626 746 apud
641 683 742 732 Livium
759 683 809 730 hoc
825 697 920 731 nomen
940 683 1100 732 scribendum
1122 690 1168 731 est.
1192 682 1243 734 seo
1260 690 1286 732 et

163 772 238 821 Voss.
255 767 303 817 nisi
320 765 422 817 Olreliae
442 782 531 830 quoque
546 765 607 815 Piso
624 763 728 813 traderet
743 767 774 813 ab
791 764 828 813 ltu
845 765 928 829 positu
944 765 987 828 qui
1004 781 1054 814 una
1075 764 1166 816 omides
1178 766 1288 828 fuissent

163 851 262 902 redditis
273 867 290 900 a
300 851 426 900 Porsenna
440 849 556 912 lentorem,
573 850 627 898 eine
643 847 684 914 τῷ
697 846 814 913 instrui
829 848 886 898 eius.
908 850 982 899 Unde
999 849 1113 912 suepIoor
1128 848 1206 899 fnisse
1218 849 1286 913 posi-

164 946 211 986 tum
224 945 271 987 ete.
288 935 403 985 levorem.
425 935 473 986 Est
484 935 552 984 enim
565 933 658 996 positus
669 932 743 981 honor
753 934 837 997 ponite
848 941 931 983 status
942 934 969 982 in
981 934 1115 982 honorem.
1134 933 1185 984 Sed
1197 942 1223 984 et
1234 935 1285 984 hoc

163 1019 212 1068 nisi
231 1020 331 1068 ridetur
352 1031 428 1081 supra
451 1017 553 1080 exigere
576 1015 693 1065 uedmem
717 1031 764 1080 pro
788 1015 935 1066 crediderim.
967 1015 1009 1066 Sic
1030 1018 1109 1080 igitur
1128 1016 1170 1066 fec
1189 1019 1286 1068 habene

166 1118 266 1154 omnem
282 1103 379 1152 loonms
395 1100 469 1151 Hauc
482 1100 586 1164 prinam
603 1117 653 1149 curn
669 1097 762 1150 Coclitis
776 1099 870 1163 publice
884 1099 989 1148 ductam
1004 1099 1122 1148 crederem
1139 1098 1210 1161 (Atto
1225 1101 1286 1150 enim

165 1202 195 1236 ae
211 1184 318 1250 Selpllae
335 1184 489 1248 Tarquinium
506 1192 528 1233 et
547 1200 614 1248 repes
633 1184 679 1232 eibi
697 1183 761 1247 111555
775 1183 882 1247 posuisse
901 1183 1033 1232 verosimile
1048 1183 1100 1246 est),
1117 1184 1165 1232 nui
1184 1183 1287 1235 01511155

164 1285 254 1334 quoque
270 1269 330 1319 Piso
347 1267 452 1317 traderet
468 1269 499 1317 ab
515 1268 552 1318 tis
563 1269 678 1332 positum,
694 1283 756 1330 quae
771 1284 820 1316 uno
836 1267 928 1316 obsides
939 1268 1057 1331 fuissent,
1074 1266 1175 1317 redditis
1190 1284 1207 1316 a
1221 1269 1287 1318 Por·

164 1369 245 1415 unna,
261 1351 376 1405 numu.
401 1353 467 1403 eud.
479 1353 549 1402 Men.
560 1353 644 1402 Aeed.
660 1350 761 1401 redditis
777 1367 795 1399 a
810 1351 935 1400 Poreema
951 1350 1060 1400 lotorem
1077 1351 1167 1403 11551111.
1185 1353 1286 1416 Vulgu-

164 1445 219 1488 tum
236 1440 269 1489 nb
286 1437 427 1488 Hermolao
445 1445 491 1498 est,
509 1450 568 1486 eum
585 1437 712 1499 legeretur
729 1434 837 1488 lanmem
855 1434 905 1484 cius
921 1434 1011 1485 lubuit.

199 1519 253 1583 [14,
264 1518 309 1581 50]
325 1517 350 1569 0.
363 1518 526 1583 PompilroII.
538 1517 681 1581 consultius]
699 1521 774 1570 Voce.
789 1515 816 1568 0.
827 1517 923 1583 Popilio
934 1518 980 1582 H,
992 1520 1029 1570 uti
1040 1526 1130 1570 notum
1142 1527 1181 1570 eet
1191 1534 1286 1570 nomen

164 1606 214 1654 hoc
225 1604 287 1665 fingi
299 1603 396 1652 debere.
414 1602 596 1653 5111111115.
608 1604 641 1654 U.
654 1603 684 1654 O.
697 1607 755 1653 595.

199 1685 341 1739 01151111
360 1683 417 1747 [1t‚
436 1683 480 1746 et]
506 1683 563 1734 (lum
578 1684 701 1749 Lysippus
721 1684 757 1734 nd
775 1691 886 1734 seuuemo
906 1685 940 1735 X
957 1701 1031 1749 opera
1045 1685 1136 1746 secuse
1153 1683 1297 1749 prodatur]

164 1771 239 1820 Voss.
254 1785 305 1816 curn
323 1767 444 1833 Lysippus
461 1766 496 1815 ad
514 1764 601 1818 0101>
617 1784 690 1832 opem
704 1768 795 1831 fecisse
811 1767 903 1818 datur..
920 1770 1019 1831 Scribe,
1033 1770 1124 1833 fecisse
1140 1767 1227 1818 edatur
1245 1771 1287 1820 vel

103 1865 151 1909 825
166 1851 266 1904 dicante.
283 1853 393 1903 Pintinui
405 1852 477 1914 liber,
491 1852 549 1902 MD
552 1852 643 1915 secisse
654 1851 772 1902 tradatur.
790 1855 860 1903 Men.
871 1867 982 1916 quoque,
995 1855 1076 1904 Aced.
1087 1855 1154 1905 (ind.
1167 1851 1285 1902 tradatur.
1344 1891 1345 1894 ¹

202 1934 322 1999 [1551]
341 1936 558 1999 Statuammquos
579 1936 678 1986 colossos
699 1935 795 1998 vocant]
813 1939 890 1986 Voce.
906 1936 1028 2015 calescens.
1055 1938 1128 1987 Inito.
1149 1920 1208 2000 ils,
1228 1935 1286 1998 ls]:
1345 1996 1356 2004 ἢ

167 2020 307 2072 destinatum
324 2019 390 2069 illiue
403 2020 522 2084 princepis
538 2019 690 2070 simulacrum
706 2020 839 2071 colosseum.
856 2022 966 2083 1111136,
980 2027 994 2070 5
1009 2020 1045 2084 [4,
1059 2021 1105 2084 25]
1127 2023 1201 2073 Mars
1215 2024 1288 2072 etiam

167 2122 228 2155 nunc
238 2104 321 2154 sedens
333 2103 454 2154 colosseus.
474 2140 484 2152 .
582 2154 585 2160 ,

202 2187 264 2253 [111]
282 2188 377 2253 Iupiter
391 2206 409 2238 a
429 2187 529 2239 Claudio
548 2189 651 2240 05555111
665 2188 771 2251 dicotus,
789 2189 832 2253 qui
846 2197 943 2239 vocetur
958 2179 1119 2254 Pompeianus
1134 2207 1151 2240 a
1166 2191 1287 2240 vicinitate

169 2272 268 2336 theatri]
293 2273 370 2324 Voss.
387 2272 497 2338 vapiter
512 2273 568 2324 aulo
589 2273 692 2325 claudio.
719 2275 814 2336 Scribe,
831 2290 848 2322 a
863 2273 931 2323 Divo
948 2272 1048 2323 Claudio
1067 2272 1170 2324 Caesare
1186 2268 1286 2326 dicatus.

166 2361 235 2410 Dein
245 2368 274 2409 ut
285 2366 311 2409 ot
321 2361 445 2409 Aoedem.
456 2361 561 2424 Meuap.
573 2360 768 2422 Gudianusquet
785 2359 827 2421 qui
838 2357 967 2407 devoratur
978 2359 1119 2423 Pompeiani
1129 2359 1218 2408 11115115·
1227 2360 1287 2409 viei-

167 2443 248 2493 nitate.
274 2445 344 2505 Lege
366 2442 506 2503 devocatur,
523 2452 549 2493 ct
563 2444 686 2506 intellige,
706 2444 862 2506 deprimitur,
878 2444 961 2492 minue
979 2445 1080 2506 mendis
1094 2452 1209 2507 apparet,
1226 2446 1287 2495 sub·

167 2529 283 2578 mittitur.
301 2527 345 2578 Sic
356 2525 480 2575 obliterare
491 2528 536 2577 lib.
549 2532 589 2589 36,
603 2534 618 2577 5
631 2525 667 2589 [4,
681 2525 738 2589 27]:
755 2526 848 2576 Romae
864 2525 958 2590 quidem
975 2526 1111 2592 nuquitudo
1126 2541 1222 2590 operum
1235 2542 1288 2576 eam

168 2613 278 2662 obliterat
294 2629 323 2662 ac
335 2613 417 2676 mapni
429 2612 559 2676 officiorum
571 2613 759 2678 sepelieruntque
775 2612 855 2661 acervi
869 2628 947 2661 omnes
963 2628 980 2661 a
996 2611 1189 2677 contemplatione
1205 2612 1288 2663 talium

168 2695 293 2746 abducunt.
312 2697 428 2745 Verbum
440 2698 519 2746 habes
530 2698 573 2746 lib.
587 2704 627 2757 34,
641 2704 656 2748 Β
671 2695 723 2759 [19,
737 2695 795 2758 89]1
812 2695 843 2744 In
860 2695 903 2745 ltoc
919 2713 936 2744 a
953 2696 1088 2747 simulacris
1104 2696 1200 2747 deorum
1215 2696 1288 2747 latni-

169 2795 268 2842 numque
279 2777 435 2827 devocaverat
446 2778 639 2828 humanissimam
650 2787 735 2828 artem.
1296 2795 1299 2802 ·

204 2861 263 2925 [le,
276 2860 321 2924 lt]
343 2859 408 2912 000
422 2860 524 2922 1511111111,
542 2878 604 2925 quae
624 2861 782 2925 contulerunt]
805 2864 882 2913 Voss.
898 2872 928 2913 ut
944 2871 970 2914 et
984 2864 1109 2914 Pintiuni:
1131 2873 1288 2930 conmanunt.

169 2951 237 2999 unde
248 2947 292 2998 ille
304 2955 435 3010 coeperant.
456 2949 543 3008 Forte,
561 2948 717 3009 eorp‘ecerant.
739 2949 847 2998 Plnutus
858 2949 939 2997 Mero.
954 2954 975 3008 1,
992 2954 1001 2996 1
1019 2946 1094 3010 [vers.
1108 2947 1166 3015 94]1
1181 2948 1288 2998 lucrum

169 3030 335 3096 inpenejacio.
347 3031 382 3080 ito
394 3029 511 3094 peculium
523 3031 620 3095 conficio
629 3029 729 3095 prande.
749 3031 867 3082 Secundo
877 3033 904 3081 in
916 3031 1021 3081 Rullum
1032 3030 1102 3094 [13]:
1114 3031 1223 3081 Primum
1231 3047 1288 3096 per·

168 3114 269 3164 mittitur
280 3113 375 3176 infinita
387 3121 495 3177 potestas
511 3113 688 3164 insenuerint
701 3115 816 3179 pecuniae
828 3113 986 3177 conficiendae
999 3114 1028 3164 de
1037 3114 1194 3179 peetipalibue
1205 3107 1290 3164 5511115

168 3215 215 3248 non
223 3197 347 3262 struendis,
359 3196 403 3247 sed
413 3197 555 3248 alienandis.
569 3198 632 3262 [Vel
644 3197 800 3262 cmlcperant.
817 3200 943 3248 Horatius
956 3197 1046 3262 [Epiri.
1060 3206 1084 3260 2,
1097 3206 1121 3260 2,
1134 3198 1179 3261 26]
1192 3197 1291 3248 collecta

168 3283 260 3332 5151155
269 3281 348 3331 multis
359 3279 493 3330 Aerumnie.
511 3283 553 3332 Ex
564 3279 685 3330 Inscend.
698 3296 724 3344 p.
736 3278 807 3342 845]
824 3282 915 3342 Iidem,
932 3280 1012 3330 relicto
1028 3297 1109 3330 morae
1121 3281 1199 3330 toedio
1210 3283 1290 3332 obesse

168 3381 186 3414 o
205 3363 286 3414 rlodo.
310 3364 376 3415 (iud.
394 3364 473 3412 abesse
493 3380 510 3413 a
530 3363 611 3414 rltodo.
637 3365 761 3415 Acndcm.
782 3365 864 3412 obesse
883 3363 977 3414 atleodo.
1003 3367 1073 3415 Men.
1095 3361 1189 3415 tlreadio
1208 3367 1303 3432 abesse

169 3446 266 3496 arltodo.
284 3448 388 3506 Forsan,
402 3445 482 3495 relicto
494 3464 573 3496 morae
586 3446 663 3496 toedio
675 3447 780 3509 obsessr's,
793 3447 892 3497 Rhodii.
911 3449 1079 3498 coniecerem
1091 3435 1169 3500 etium
1180 3451 1289 3500 resume

169 3528 265 3591 muco,
278 3531 346 3591 quod
357 3537 420 3593 puto
431 3530 544 3580 voluisse
554 3533 714 3581 Pintienumt
727 3534 772 3582 ned
782 3532 848 3581 illud
859 3533 940 3594 megin
953 3533 1047 3596 placet.

205 3613 258 3678 [15,
270 3612 316 3676 47]
334 3613 479 3664 Provinciae
497 3614 566 3664 Velio
581 3614 655 3664 Avito
669 3613 835 3680 praesidente}
851 3616 929 3669 Voss,
945 3615 1028 3664 Dubio
1043 3615 1126 3665 Avito.
1148 3617 1204 3666 Hoc
1222 3618 1291 3666 enim

104 3753 109 3765 ,
170 3708 195 3751 ot
205 3713 301 3749 nomeu
312 3700 365 3750 eius
378 3700 447 3763 opud
458 3699 578 3750 Tacitum
588 3699 632 3750 lib.
647 3707 678 3750 1³
691 3698 744 3762 [54,
757 3697 803 3761 56]
815 3707 841 3748 et
855 3704 894 3748 14.
905 3700 1043 3749 annalium.

117 3780 124 3795 'f
204 3783 268 3834 One.
281 3783 356 3834 VIII.
370 3781 423 3845 [l9‚
437 3781 482 3845 49]
494 3781 624 3832 Innumero
635 3783 754 3846 artificum
765 3781 901 3846 multidudo]
915 3785 991 3834 Voss.
1005 3784 1154 3836 0111111511.
1166 3783 1292 3833 irmurnern

32 3920 37 3924 ⁴
166 3883 242 3931 prope
253 3866 380 3929 artificum.
398 3869 481 3919 Aoud.
492 3867 616 3916 innumera
627 3885 717 3931 quoque
726 3884 800 3932 prope
812 3866 942 3929 artificum.

125 3947 129 3953 ’
201 3948 258 4012 [19,
274 3949 316 4012 54]
340 3950 417 4008 Quom
429 3951 523 4002 Romae
534 3951 651 4002 Aemilius
661 3951 765 4002 Paullus
781 3950 817 4001 ad
831 3951 913 4000 aedem
924 3953 1047 4002 Fortunae
1062 3950 1194 4014 dedicavit]
1214 3953 1291 4003 Voss.

171 4049 242 4095 quem
253 4035 345 4084 Romae
357 4034 451 4085 Paulus
461 4036 577 4086 Aemilium
588 4035 624 4085 ad
634 4036 715 4086 aedem
720 4038 840 4101 fortunae
846 4035 941 4086 huiusce
953 4035 1040 4085 modici
1047 4034 1144 4085 dicavit.
1160 4035 1213 4086 Ubi
1225 4037 1291 4087 1111115

170 4116 258 4169 literne
270 4126 396 4184 superent
418 4121 456 4171 At
471 4121 537 4172 inire
548 4123 625 4186 plene
636 4122 704 4172 idem
716 4122 868 4187 proecipuus
883 4122 959 4172 liber:
976 4119 1013 4170 ad
1025 4119 1107 4170 aedem
1115 4120 1233 4183 fortunae
1248 4118 1291 4169 lu·
