2760 4734
487 294 593 336 uorsa
608 294 652 336 sn
666 296 750 337 uma.
765 296 882 336 xxvnr.
966 271 968 276 ’
1203 273 1243 338 el

125 446 193 494 Men.
207 447 234 492 ob
247 443 273 491 id
284 459 300 490 a
311 458 337 490 se
348 440 455 506 elepatis.
472 444 561 492 Forte:
579 443 658 492 musa
668 445 696 492 ob
708 441 736 492 id
745 442 780 492 ad
789 460 815 492 se
827 442 920 507 bactu.
937 444 1057 506 Sequitur
1074 444 1142 492 enim
1160 445 1245 494 statim

127 528 255 577 Hetrurice
267 525 430 574 celeberrimus
442 535 514 575 vaus.
532 529 600 577 Eum
612 529 715 591 respicit
726 542 873 592 pronomen.

160 611 195 672 [4‚
211 609 253 672 18]
273 609 419 672 Ampliorem
437 609 509 658 locum
525 608 592 673 apud
607 610 729 659 Romanos
745 608 870 673 cultumve]
887 611 942 662 Nec
958 609 989 660 td
1009 610 1090 672 meum,
1106 625 1155 659 neo
1171 609 1201 659 τὸ
1219 628 1246 659 oe

126 696 210 744 locum
228 695 325 743 habent
340 693 365 741 in
378 694 516 753 vossiano,
533 697 577 744 sed
593 703 703 744 tantum:
718 695 869 757 promittique
886 694 924 743 illi
938 693 1034 742 eundem
1050 702 1092 742 aut
1108 692 1245 758 ampliorem

126 776 192 840 apud
202 777 324 826 Romanos
336 775 428 825 cultum.
446 776 482 825 Et
493 775 566 825 durat
577 777 602 826 in
611 778 748 840 pontificum
761 777 889 841 disciplina
900 777 928 827 id
938 794 1038 826 sacrum.

162 860 196 922 [4‚
213 859 258 922 20]
276 860 312 909 Et
327 877 387 924 quae
403 859 508 909 ridicula
524 859 602 909 videri
618 862 679 925 cepit
694 860 800 924 animus]
822 864 976 912 Vossianuss
993 870 1093 925 atquae
1110 861 1247 911 inridicula.

127 949 184 995 Non
200 955 292 995 temere
310 956 356 994 est.
383 947 489 995 Plautus
502 945 596 994 Casina
614 952 641 1006 b,
660 952 675 994 2
693 943 742 1007 [vs.
756 943 795 1007 7]=
811 944 853 993 Ita
868 960 929 994 nunc
941 946 1032 1009 pudeo,
1049 953 1120 1008 atque
1136 944 1172 993 ita
1188 961 1249 994 nunc

124 1045 207 1092 paveo,
224 1038 294 1091 atque
310 1029 346 1076 ita
362 1045 422 1077 nuno
437 1026 565 1077 inridicule
582 1045 660 1077 sumus
676 1030 752 1077 ambo.
776 1029 892 1078 Poenulo
907 1036 930 1090 b,
949 1037 965 1080 4
983 1027 1030 1091 [vs.
1046 1027 1101 1090 le]=
1118 1027 1203 1090 Neque
1218 1030 1249 1077 ab

127 1114 241 1160 iuuentute
253 1113 287 1160 ibi
297 1110 417 1161 irridiculo
429 1111 531 1162 habitae.
551 1113 773 1172 Quemadmodum
786 1111 887 1161 irridere
899 1122 938 1164 est
953 1114 1042 1174 ridere,
1059 1115 1095 1162 ita
1111 1111 1250 1161 irridiculus

122 1179 165 1246 „m
178 1197 305 1246 ridiculus.

162 1278 199 1340 [4‚
212 1278 256 1340 21]
278 1277 336 1326 Cato
351 1277 460 1341 prodidit
476 1277 565 1326 laxam
580 1277 688 1326 membris
705 1294 799 1327 carmen
817 1277 946 1341 auxiliari]
969 1280 1044 1328 Voss.
1061 1289 1090 1328 ut
1106 1289 1131 1328 ot
1147 1278 1249 1329 chiflet.

127 1361 255 1425 auxitipre.
274 1362 384 1424 Optime.
403 1363 509 1412 Ovidius
521 1363 564 1410 lib.
578 1368 600 1412 7.
619 1369 721 1412 meum.
735 1360 783 1424 [vs.
797 1360 869 1423 lee]:

332 1444 399 1494 Neue
407 1460 494 1507 parum
507 1444 604 1493 ualeam
614 1460 631 1493 a
641 1461 666 1493 se
677 1443 737 1493 data
747 1446 866 1509 prastino,
880 1461 975 1494 carmen

331 1527 461 1576 Auxiliare
472 1527 544 1577 canit.

164 1609 199 1671 [5,
213 1609 257 1671 22]
276 1610 346 1658 Licet
361 1610 422 1658 lanc
438 1611 463 1658 in
475 1617 570 1674 partem
582 1610 725 1674 riopulorum
738 1628 830 1675 quoque
842 1612 1006 1661 summentium
1017 1613 1157 1677 coarpuere]
1175 1616 1250 1665 Voss.

129 1709 239 1756 quoque,
251 1704 279 1742 ut
288 1694 398 1754 chisen,
410 1692 482 1741 Libet
493 1691 555 1741 banc
563 1702 666 1757 portem,
679 1697 798 1757 neglecta
808 1703 835 1744 et
845 1685 1044 1759 praepositione:
1057 1701 1102 1747 sed
1110 1698 1252 1748 Vossianus
1266 1702 1313 1747 tes

128 1777 231 1839 insuper
243 1777 391 1824 conscientia.
409 1777 527 1840 Egregie.
545 1775 625 1838 Libet,
641 1778 731 1840 inquit,
748 1777 809 1827 lanc
822 1787 916 1842 partem
934 1778 1078 1841 eloquiorum
1094 1794 1185 1841 quoque
1197 1795 1251 1828 cen·

128 1858 225 1906 scientid
241 1875 373 1923 cocrpuere.
396 1862 431 1910 Et
447 1874 512 1922 quae
530 1869 680 1922 sequuntur,
696 1869 763 1924 snut,
780 1876 845 1925 qnae
863 1863 957 1924 singuli
974 1877 1000 1910 se
1017 1861 1101 1910 tacere
1118 1862 1165 1910 sibi
1181 1871 1252 1912 erant

129 1945 231 1991 conscii.

165 2024 200 2087 [5,
213 2025 256 2088 23]
279 2025 327 2075 Gur
342 2026 532 2075 sternutamentis
546 1982 709 2089 salutamurt]
727 2030 796 2078 Men.
812 2030 897 2078 Aead
914 2028 1019 2080 etGud
1036 2026 1174 2077 soluimus.
1197 2029 1252 2077 An-

128 2111 185 2169 deg.
198 2125 240 2157 cur
250 2109 383 2158 smrrrumtts
394 2109 533 2159 salutamus
551 2110 703 2160 ExChiflet.
716 2111 837 2161 afferunt.
830 2111 902 2159 alsa
912 2110 1103 2159 sternutamentis
1113 2110 1252 2159 salutamus

128 2193 284 2256 Praecipuus
301 2203 388 2244 noster
405 2209 483 2243 manu
498 2194 594 2257 primas
614 2192 667 2242 alia
687 2195 827 2243 mouentis
847 2193 986 2242 salutamus.
1013 2196 1143 2244 Posterior
1162 2209 1253 2244 manus

128 2277 235 2325 inducto
255 2274 294 2341 τῷ
312 2275 365 2325 alia
384 2277 547 2340 superposuit
560 2290 611 2338 cur,
632 2285 686 2327 tum
703 2279 803 2327 literam
820 2277 854 2326 M
866 2279 924 2326 voci
940 2278 1062 2339 sequenti,
1083 2279 1156 2339 quasi
1174 2277 1252 2326 inter-

127 2361 264 2409 iieiendam
280 2361 345 2409 inter
360 2359 387 2408 U
399 2368 425 2410 et
439 2358 478 2420 E,
494 2368 524 2410 ut
539 2361 611 2410 fieret
626 2359 796 2410 autumantis.
826 2360 875 2410 Sed
893 2374 953 2408 vera
968 2359 1044 2408 lectio
1067 2368 1115 2409 est:
1135 2375 1177 2408 cto
1193 2367 1252 2408 ster·

128 2451 224 2492 suentes
238 2443 388 2493 salutamust
404 2441 659 2506 Catullus[4b,18]:
675 2444 794 2492 Dextram
811 2444 911 2492 sternuit
926 2443 1123 2507 approbationem.
1147 2443 1252 2494 Ovidius

129 2525 248 2587 [Heroid.
263 2532 302 2588 18,
317 2524 390 2587 151]:
402 2525 511 2577 Sternuit
520 2534 543 2575 et
554 2525 638 2576 lumen.

166 2607 202 2671 [b,
216 2607 261 2671 28]
277 2608 357 2672 Atque
369 2626 385 2658 a
396 2608 469 2674 dipito
480 2609 556 2660 indice
567 2609 690 2658 multorum
699 2613 814 2674 pecuniae
826 2609 960 2674 talipiacum
975 2608 1021 2672 est]
1033 2613 1251 2675 Praepositionem

127 2696 249 2754 ignorent
260 2695 322 2744 Mss.
339 2695 384 2743 An
396 2702 467 2757 atque
477 2692 553 2758 dipito
564 2693 641 2742 indice
652 2693 740 2742 moveri
749 2694 873 2758 pamniam
884 2694 1019 2759 relipiosum
1031 2697 1082 2745 esti

164 2776 228 2826 Cur.
242 2777 291 2826 IIL
305 2775 342 2839 [6,
354 2775 400 2839 30]
418 2776 448 2826 In
460 2776 548 2826 dodum
558 2778 699 2841 serpentium
710 2777 837 2841 conmotis]
856 2781 935 2830 Voss.
948 2780 973 2828 in
984 2777 1089 2828 nidulum
1101 2780 1251 2843 sementiam.

129 2861 244 2920 Quidam
256 2877 289 2909 m.
302 2876 327 2924 p.
340 2860 365 2909 in
377 2859 465 2912 dolum

166 2945 230 2994 Cur.
242 2945 289 2994 IV.
303 2943 339 3007 [6‚
352 2943 397 3006 33]
416 2944 571 3010 Pytltaporae
587 2944 687 2993 inventis
704 2961 749 2992 non
767 2953 850 2992 tensae
859 2942 965 3009 fallere]
988 2945 1142 3004 Vossianus,
1158 2943 1185 2992 E
1200 2943 1251 3007 Pp-

129 3026 246 3090 tltaporae
256 3028 354 3076 moestis
365 3044 411 3076 non
424 3022 506 3076 lemare
515 3027 615 3092 saliere.
633 3028 723 3091 Neque
735 3029 808 3078 aliter
820 3030 903 3076 codex
910 3026 1064 3075 Ferffinendi
1073 3027 1158 3076 Nonii.
1175 3029 1252 3076 Ponit

129 3114 199 3160 idem
219 3113 442 3172 considerandum,
468 3127 500 3161 an
521 3114 554 3163 sit
574 3119 707 3176 peccatum
727 3113 754 3159 in
774 3111 838 3160 serie
858 3126 888 3160 uc
914 3110 1080 3172 dispositione
1105 3111 1251 3169 verborum3

129 3204 254 3257 quantum
270 3197 337 3245 enim
353 3205 501 3258 assequatur
517 3197 670 3255 coniectura,
688 3195 763 3244 scribi
780 3194 872 3243 dobere
889 3194 938 3242 hoo
954 3200 1041 3256 pactos
1056 3191 1083 3241 E
1097 3193 1252 3258 Pptbaporae

128 3279 236 3338 inventu,
249 3295 294 3327 non
307 3287 388 3327 amem
397 3278 490 3342 saliere
505 3279 688 3341 inpositivorum
699 3277 816 3326 nerninem
829 3276 971 3326 clauditates
983 3275 1128 3326 oculorumve
1139 3278 1252 3328 orbitates

130 3378 161 3408 ac
172 3360 257 3409 similes
268 3378 344 3421 casus,
362 3350 473 3426 imparem
486 3360 601 3411 vocalium
613 3378 732 3411 mainerum
745 3360 841 3422 dextris,
858 3370 905 3412 etc.
925 3362 992 3422 Quid
1005 3363 1051 3411 sibi
1062 3364 1131 3425 velit,
1147 3364 1250 3427 ignorat

129 3447 194 3494 nihil
211 3455 293 3494 autem
310 3448 338 3495 in
349 3447 434 3506 Plinio
450 3447 628 3495 traiciendum
646 3460 701 3496 esse
718 3447 778 3496 satis
793 3454 927 3508 acceptum
939 3447 1030 3496 habeo.
1054 3447 1159 3498 Initium
1175 3448 1251 3497 huius

130 3528 220 3591 cupitis
237 3531 329 3591 pendet
345 3545 361 3577 a
376 3531 426 3578 fine
442 3531 627 3592 praecedentis,
646 3531 740 3592 quippe
757 3545 814 3578 oum
831 3531 922 3579 hurum
938 3531 1078 3579 sectionum
1095 3539 1184 3580 auctor
1198 3533 1252 3593 ipse

129 3625 182 3660 non
199 3611 283 3661 fuerit.
305 3612 438 3676 Intelliges
455 3612 532 3675 igitur
548 3614 615 3673 inde,
632 3611 674 3675 pai
687 3612 748 3660 sciat
763 3614 827 3662 illud
844 3628 878 3662 ex
895 3615 1003 3663 inventis
1019 3614 1183 3676 Pythagorae
1200 3629 1251 3662 non

130 3705 225 3744 temero
238 3696 335 3746 fellere.
354 3697 431 3757 Quod
448 3696 530 3745 illud?
547 3697 645 3759 Nempe
662 3705 737 3760 prout
747 3697 919 3760 impositivum
931 3699 1054 3759 cuiusque
1068 3711 1164 3744 nomeu
1175 3711 1251 3746 voca

128 3780 196 3827 libus
209 3789 308 3828 constet
319 3781 421 3843 peribus
432 3781 608 3844 imparibusve,
626 3781 647 3830 si
663 3782 704 3829 cui
719 3781 824 3841 evomat,
841 3788 869 3829 ut
881 3779 986 3829 claudus
1001 3781 1047 3828 fiat
1062 3787 1107 3827 aut
1122 3779 1212 3840 cocles,
1229 3781 1251 3828 si

129 3863 228 3911 nomini
246 3864 299 3912 cius
315 3864 462 3927 impositivo
478 3865 529 3913 sint
544 3865 654 3926 impares
670 3865 780 3924 vocales,
799 3865 888 3913 dextro
904 3865 968 3927 pede
985 3862 1101 3911 claudum
1119 3870 1163 3910 aut
1174 3865 1249 3912 osuio
1314 3884 1317 3889 ⁴

130 3949 220 3995 dextro
233 3956 336 4010 captum
348 3948 417 4009 fore,
411 3949 450 3998 si
462 3963 542 4012 pares,
554 3949 639 3997 laevis.
661 3946 756 3997 Oculioe
768 3948 867 3998 Chiflet.
880 3956 906 3996 et
918 3948 1002 4006 Voss,
1014 3961 1067 3994 non
1079 3943 1232 3993 oculorumve.

165 4027 202 4090 [6‚
215 4028 259 4090 34]
279 4028 352 4078 Elide
367 4029 457 4079 solebat
471 4030 563 4079 asmodi
576 4029 674 4094 Pelopis
690 4030 766 4093 costa]
790 4032 866 4080 Voss.
884 4028 982 4092 Pelopis
998 4027 1110 4077 ostitiarii.
1134 4028 1251 4089 Qnetnor

130 4114 173 4161 olii
187 4112 433 4164 ostiliavelbcstilia.
451 4115 532 4178 Lege·
544 4113 759 4179 Pelopisscapula.
778 4116 913 4174 Humerus,
927 4107 1079 4177 ὠμοπλάτη.
1131 4142 1135 4149 -

1030 4193 1047 4227 a
