2760 4734
1205 296 1251 338 vn

129 441 245 514 libros
272 440 372 513 Plini
398 437 558 514 Secundi
584 443 699 531 notis,
732 467 826 538 quae
853 443 891 514 in
918 467 994 515 una
1021 441 1141 516 Haclri
1175 445 1249 517 edi-

129 593 233 664 tione
258 594 344 665 anni
366 595 473 665 1669.
493 592 576 665 Vol.
595 591 649 665 Ill
673 619 695 666 a
717 620 752 691 p.
773 596 973 667 vol-860
999 598 1247 693 reperiuntur,

131 744 253 816 denuo
280 742 546 834 exscribendis,
573 745 722 817 illorum
748 746 819 818 hoc
846 770 915 842 ego
942 747 1117 821 libentius
1146 749 1249 822 obse·

130 906 237 968 cutus
265 921 348 968 sum
374 897 595 987 auctoritati,
624 897 846 993 quominus
873 899 944 970 hoc
971 910 1119 972 sextum
1145 902 1250 974 volu·

128 1073 230 1139 men,
269 1073 342 1144 quo
375 1047 536 1120 Pliniani
573 1049 694 1144 operis
727 1051 954 1123 amatoribus
986 1051 1249 1149 palimpsestus

128 1197 357 1272 Veronensis
386 1199 548 1287 offertur,
575 1198 715 1270 iustum
736 1199 906 1296 impleret
932 1200 1093 1273 modum.
1121 1200 1250 1298 Itaque

128 1376 152 1422 a
178 1347 287 1422 docto
313 1350 405 1440 viro,
439 1375 512 1445 quo
538 1350 767 1422 familiariter
793 1360 893 1440 utor,
920 1351 1046 1448 petivi,
1073 1363 1115 1425 ut
1142 1379 1250 1427 omne

126 1501 199 1573 hoc
225 1501 415 1597 negotium
442 1501 481 1572 in
509 1525 548 1573 se
575 1502 787 1599 susciperet.
815 1500 851 1574 Is
880 1529 964 1575 cum
985 1506 1134 1600 roganti
1160 1507 1251 1578 mihi

126 1676 205 1725 non
232 1652 387 1742 deesset,
419 1677 570 1750 operam
597 1652 709 1741 dedit,
736 1663 915 1748 utquam
941 1656 1101 1727 maxime
1130 1681 1250 1731 emen-

128 1805 237 1879 datae
264 1815 300 1877 et
327 1805 374 1878 ad
391 1806 573 1877 lectorum
590 1828 700 1875 usum
718 1804 1016 1877 accommodatae
1033 1808 1119 1879 illae
1137 1820 1248 1882 notae

125 1957 328 2056 prodirent.
358 1953 467 2044 Quod
484 1967 526 2027 ut
550 1956 721 2044 efficeret,
749 1957 909 2051 primum
928 1982 1075 2030 onmem
1093 1910 1248 2058 diligen·

126 2109 219 2181 tiam
237 2109 417 2196 adhibuit,
444 2117 486 2179 ut
507 2105 643 2178 menda
659 2106 941 2203 typographica,
969 2108 1104 2202 quibus
1131 2111 1249 2206 inqui·

127 2271 219 2333 nata
255 2270 311 2332 est
342 2258 536 2332 Hackiana
568 2255 691 2347 editi0,
728 2255 857 2328 sedulo
889 2257 1117 2332 tollerentur.
1155 2260 1249 2334 Tum

126 2422 297 2484 veterum
329 2411 562 2506 scriptorum,
594 2409 711 2505 ipsius
743 2408 977 2504 potissimum
1004 2407 1106 2480 Plini
1136 2412 1248 2502 locos,

128 2566 194 2660 qui
218 2591 287 2662 pro
313 2564 412 2635 illius
441 2587 514 2657 qua
534 2557 746 2634 Gronovius
774 2560 921 2656 scripsit
948 2563 1078 2635 aetatis
1104 2563 1248 2635 ratione

126 2716 251 2788 minus
279 2725 448 2787 accurate
466 2713 602 2811 prolati
620 2720 735 2801 erant,
762 2712 814 2783 ita
831 2712 986 2802 notavit,
1014 2721 1056 2784 ut
1075 2714 1248 2788 facillime

128 2868 176 2940 ab
204 2867 461 2940 evolventibus
487 2864 641 2962 reperiri
666 2873 829 2960 possent.
866 2861 971 2954 Tum,
997 2889 1045 2936 ne
1073 2864 1163 2961 quid
1190 2864 1249 2938 de·

123 2992 354 3094 ¹sideraretur
381 3019 428 3091 ab
454 3018 510 3107 iis,
538 3016 671 3112 quibus
690 3013 884 3087 Hackiana
910 3014 1023 3088 editio
1048 3041 1125 3088 non
1153 3027 1250 3090 esset

129 3171 178 3244 ad
203 3195 347 3259 manus,
379 3170 489 3240 huius
522 3165 694 3239 editionis
724 3166 882 3263 paginas
908 3167 947 3237 in
973 3176 1124 3239 nostrae
1155 3191 1249 3239 mar·

129 3325 215 3422 gine
251 3322 429 3419 ascripsit.
470 3319 667 3392 Praeterea
705 3309 799 3413 quae
840 3342 924 3389 cum
962 3343 1100 3415 magno
1139 3320 1250 3392 lecto·

127 3501 212 3548 rum
229 3471 464 3547 incommodo
483 3467 649 3544 Gronovi
675 3469 774 3541 notis
794 3467 992 3540 Inserenda
1010 3469 1137 3544 addita
1164 3482 1251 3544 sunt

130 3623 181 3722 (p.
211 3627 282 3697 145
312 3648 385 3720 seq.
413 3623 468 3695 ed.
496 3619 645 3718 Hack.),
682 3645 725 3693 ea
751 3645 819 3694 suo
846 3619 1020 3717 quodque
1046 3623 1128 3696 loco
1155 3623 1250 3694 inse·

129 3777 218 3867 ruit;
245 3778 334 3848 item
356 3773 599 3863 Miscellooec,
627 3775 665 3845 in
693 3774 827 3869 quibus
854 3771 955 3845 haud
981 3775 1090 3870 pauci
1118 3799 1140 3844 a
1159 3767 1249 3844 Gro-

130 3930 243 4001 novio
280 3928 369 3999 scite
404 3936 611 3998 tractantur
637 3923 799 3996 Pliniani
833 3925 906 3996 loci
938 3921 992 4016 (in
1019 3923 1103 3996 edit.
1132 3922 1248 3997 Hack.

129 4106 165 4176 p.
193 4075 422 4173 ara-853),
449 4102 497 4150 ex
529 4077 657 4150 ordine
688 4079 855 4149 locorum
886 4074 1049 4171 digessit.
1085 4073 1250 4147 Tandem

129 4228 169 4300 in
196 4252 321 4301 rerum
346 4231 617 4326 verborumque
645 4255 667 4301 a
694 4223 884 4302 Gronovio
911 4227 1181 4325 explicatorum
1197 4227 1250 4297 in·
