2760 4734
183 306 225 369 30
674 324 816 366 eaouovs

182 476 287 525 malum.
314 475 372 525 Hoc
390 473 496 537 [potiusz
516 469 642 535 sequenti]
659 473 704 521 lib.
716 487 737 522 c
751 478 783 522 25
799 468 852 534 [tt,
867 469 940 534 lstJr
960 470 1062 547 Qeeamo
1075 473 1229 525 maeander
1238 474 1310 525 alioat

182 563 224 610 lib.
242 566 283 619 28,
302 564 313 608 1
335 556 371 620 [2,
388 555 429 619 6]:
459 556 520 614 Qash
536 554 649 620 venetiae
665 555 826 604 innocentiora
837 554 913 619 fecit,
934 570 1008 619 mam
1023 556 1158 608 remediat
1183 560 1228 609 lm.
1245 564 1307 621 2⁹,l

183 644 218 707 [8,
232 640 288 704 26]:
311 640 361 690 Illa
373 648 458 701 annm,
475 654 536 703 qaae
548 638 626 687 timuit
639 635 697 687 Octo
708 646 779 701 atque
793 636 909 703 providit,
926 638 1100 689 innocentiora
1115 640 1192 691 malm
1208 650 1311 707 etnam

181 727 286 790 opinata.
311 726 378 775 Dein
397 724 533 787 legendum
553 724 663 772 videtur:
689 722 777 785 quippe
794 728 992 786 praesentaneum
1008 722 1147 775 maiae
1163 722 1203 775 ad
1217 724 1309 775 daulis·

181 809 277 859 mobiles
284 806 429 871 firmandos,
449 808 471 856 si
481 805 636 855 codamntar
646 804 784 855 ladcaoabo
796 821 809 853 e
819 805 881 855 oino.
899 804 1059 869 exceptionem
1078 806 1210 871 addidere,
1226 824 1255 859 ne
1264 806 1310 859 de

181 894 228 943 tias
239 891 267 943 id
272 892 353 955 fieret.
374 892 440 942 Nam
451 892 528 941 Voss.
540 888 718 939 lauecoccabon
730 888 785 938 uino
796 888 894 953 sucepit
912 890 994 941 Acuti,
1007 889 1057 940 olii
1068 893 1182 942 cacabum
1193 892 1254 943 sina.

216 977 286 1041 [105,
298 974 357 1037 180]
376 972 549 1024 Delirationem
560 972 621 1021 enim
632 972 701 1037 yiqni
710 989 744 1022 eo.
763 972 816 1022 Nec
827 970 1024 1035 demonstranda]
1043 976 1190 1026 Pintianus
1201 978 1309 1027 luxatum

181 1077 237 1113 esse
253 1062 368 1111 ordinem
383 1060 519 1109 verborum
532 1064 624 1117 censet,
642 1058 776 1119 scribitque
788 1053 949 1106 delirationem
959 1057 1036 1121 qiqni.
1056 1074 1138 1123 neque
1148 1058 1214 1108 ansb
1225 1056 1308 1109 dnae·

181 1143 289 1194 amanda.
307 1144 383 1193 Voss.
400 1148 426 1192 et
442 1142 523 1192 Acuti.
540 1142 660 1204 ignorant
675 1136 707 1188 τὸ
720 1138 780 1189 Nec.
803 1139 904 1190 Scribat
921 1137 1091 1191 delirationem
1107 1142 1174 1191 enim
1184 1140 1258 1208 aioni
1272 1140 1307 1191 Es

182 1225 366 1277 demonstranda
382 1224 499 1286 remedia,
520 1239 617 1287 quoram
637 1220 754 1272 medicina
773 1222 873 1271 maioris
893 1222 953 1272 moli
967 1223 1107 1287 perioalsan
1127 1224 1247 1289 adferat!
1265 1222 1309 1277 Pe

180 1313 286 1373 ironian,
305 1326 381 1373 quam
398 1311 530 1359 coutimat
550 1308 626 1358 etiam
645 1308 673 1357 in
695 1307 870 1369 sequentibus,
897 1308 944 1357 otai
960 1308 1040 1371 vulgo
1060 1310 1089 1360 id
1109 1324 1169 1360 non
1187 1316 1307 1375 aponus

182 1396 225 1447 Sic
241 1402 327 1445 autem
342 1395 432 1443 volunt
448 1392 545 1456 scripti:
571 1388 747 1439 commendetur
763 1405 819 1454 erqo
834 1388 893 1439 cibis
910 1391 1003 1440 testim
1017 1406 1106 1457 yetus,
1125 1392 1198 1445 licet:
1219 1394 1306 1459 prude-

181 1486 251 1527 ratar
261 1476 386 1526 hortensiis
396 1475 535 1539 sepontus.-
552 1481 576 1522 et
591 1472 626 1523 nil
635 1473 668 1522 sit
678 1473 785 1537 corporis
796 1472 919 1536 maloram
931 1473 971 1523 cui
980 1490 1027 1524 non
1037 1475 1180 1527 salutarem
1191 1476 1306 1545 mahat

181 1563 331 1612 Xenocrates
344 1558 482 1623 praedicet!
502 1559 564 1608 Alia
579 1559 657 1608 etiam
673 1572 707 1607 ex
728 1558 830 1609 chiflet.
851 1565 1016 1609 annotarunt:
1038 1560 1223 1611 commendetur
1238 1562 1305 1627 primi

180 1645 311 1709 prodimus
323 1658 356 1692 cx
367 1643 444 1692 Voss.
456 1651 482 1691 et
493 1641 656 1690 Academico.
674 1640 810 1690 Hortensius
825 1640 950 1704 saporibm
966 1640 1077 1694 tammus
1089 1658 1126 1695 ex
1137 1660 1215 1697 mose
1224 1646 1305 1697 Pliuilr

182 1728 250 1792 quod
267 1729 289 1776 si
305 1726 462 1775 meminisset
478 1725 618 1784 Pintianus,
635 1732 800 1788 temperasset
816 1740 850 1774 ex
866 1727 1019 1789 apographo
1035 1741 1088 1777 auo
1100 1728 1303 1780 humatos*

181 1811 247 1861 siam
270 1810 348 1871 Illud,
365 1808 405 1857 cni
419 1824 465 1857 non
480 1806 586 1856 salutare
601 1807 730 1872 strychnos,
748 1809 770 1858 si
787 1808 843 1871 quis
855 1814 942 1859 tenere
953 1809 1034 1871 malit,
1054 1812 1120 1874 qula
1132 1820 1163 1862 et
1174 1812 1272 1863 cuttu
1281 1820 1304 1861 et

181 1897 256 1945 Voss.
273 1892 408 1953 affirmant,
428 1893 510 1942 instar
524 1892 601 1953 illius,
618 1894 649 1941 de
666 1905 717 1954 quo
735 1892 812 1941 ctiam
823 1906 906 1955 supra,
928 1891 1008 1941 Triste
1020 1890 1093 1956 lapus
1104 1894 1217 1957 stabelis
1231 1896 1302 1961 pesile

181 1985 288 2028 tentare:
311 1983 334 2024 et
348 1974 409 2025 nihil
423 1990 473 2023 esse
487 1975 594 2038 corporis
608 1974 737 2037 maloram,
756 1974 796 2024 cui
811 1990 857 2023 non
872 1974 981 2024 salutare
996 1976 1137 2042 strychnos,
1160 1980 1302 2030 Xenocrates

178 2058 309 2124 praedicet.

215 2142 285 2205 [105‚
300 2138 360 2201 181]
382 2139 440 2191 Non
457 2148 534 2190 tomas
550 2140 643 2190 aaailia
658 2156 736 2189 eoram
753 2141 890 2203 tondeant,
907 2148 934 2189 ut
949 2140 987 2190 uel
998 2142 1145 2207 profistsera]
1168 2146 1230 2197 Hos
1240 2162 1299 2199 oon.

180 2227 255 2276 moda
271 2225 432 2285 subnectitur,
450 2226 496 2274 sed
511 2239 563 2274 non
578 2224 669 2275 melius
685 2232 829 2275 tractatum.
846 2208 1221 2281 10.Anureesetott'meaiu=
1237 2226 1301 2279 arel

177 2310 308 2372 prosatore
323 2324 369 2357 non
386 2306 415 2355 de
431 2307 461 2356 iis
475 2324 654 2356 commemorare
665 2306 755 2372 nephas
771 2306 824 2371 (vel
835 2306 915 2371 nefas)
925 2316 1013 2371 pamm.
1036 2309 1124 2362 Acad.
1135 2320 1166 2361 ut
1177 2311 1203 2363 in
1212 2313 1299 2378 piare

182 2410 226 2443 non
238 2392 267 2441 de
279 2392 316 2440 liis
326 2407 506 2441 commemorare
518 2391 608 2454 nephas
616 2398 705 2454 putem.
728 2392 839 2442 Pintiani
856 2390 950 2442 codex:
972 2400 999 2440 at
1010 2390 1039 2442 id
1050 2392 1154 2457 ptem
1170 2412 1216 2447 noe
1226 2396 1256 2447 de
1264 2394 1299 2445 tta

180 2480 248 2527 unde
259 2476 367 2535 coniicit,
385 2471 473 2521 ntideo
486 2472 588 2522 bresma.
607 2473 707 2524 Chiflet.
720 2483 747 2523 at
757 2473 784 2523 id
790 2473 902 2538 plectura
913 2492 956 2524 nos
967 2474 996 2524 de
1008 2474 1056 2526 to:
1075 2480 1146 2529 unde
1162 2482 1298 2539 sonitem

120 2566 168 2611 783
181 2566 208 2606 at
223 2554 275 2606 ideo
286 2556 361 2620 plura
377 2554 406 2604 de
421 2555 459 2605 iis.
486 2557 642 2619 Vossianus,
663 2565 689 2606 at
704 2556 732 2607 id
743 2556 841 2623 pletura
856 2576 898 2608 nos
914 2557 943 2608 de
959 2558 1003 2611 lu's.
1030 2559 1145 2612 Sensum
1167 2564 1298 2629 deprehen

182 2645 280 2698 derunt,
301 2639 398 2703 opinor,
419 2641 463 2690 sed
479 2641 585 2691 nimium
601 2643 706 2692 licenter
721 2659 737 2692 a
753 2644 831 2693 veteri
849 2644 974 2708 scriptura
993 2644 1172 2699 ffiecesmnt
1190 2648 1299 2713 sulm

182 2725 322 2774 architecti.
348 2726 416 2777 viee
432 2726 556 2788 numquid
571 2727 676 2791 propius
699 2727 771 2777 illam
787 2728 831 2778 sit:
854 2726 890 2775 ati
904 2724 942 2775 vel
955 2724 1093 2777 curationee'
1107 2727 1138 2778 de
1156 2728 1197 2780 tt·
1212 2744 1298 2781 com

183 2807 327 2870 morarefas
335 2814 423 2869 putem,
433 2808 577 2871 mamardm
589 2809 614 2858 in
627 2818 696 2859 tanta
706 2810 775 2874 copia
785 2810 932 2860 innoxiarum
943 2810 1133 2863 medicaminum.

564 3006 632 3070 AD
654 3006 773 3071 LIBR.
795 3006 917 3071 XXII.

215 3144 279 3195 Cur.
292 3144 326 3193 ΙΙ.
345 3142 381 3204 [3,
394 3142 421 3205 3]
449 3142 570 3207 Galatiae,
587 3144 696 3207 Africae,
713 3144 858 3194 Lusitaniae
873 3145 957 3211 uranus
972 3144 1074 3208 coccum]
1103 3147 1147 3199 Sic
1163 3152 1227 3201 Moe.
1243 3150 1298 3201 lidi-

180 3230 262 3278 tioncs
274 3229 371 3292 priscae
383 3229 522 3278 nonnullae
537 3229 602 3278 cocci
609 3245 718 3293 manum,
735 3231 804 3293 quod
815 3230 928 3294 praefert
939 3230 1092 3294 Salmasius3
1109 3230 1211 3284 tutetur
1220 3242 1299 3285 nmen

180 3328 256 3377 possa
271 3312 372 3361 retineri
388 3327 421 3360 cx
437 3315 541 3376 antiqua
552 3314 661 3363 lectione
671 3313 745 3378 arani
755 3330 857 3363 coccnm:
874 3330 934 3363 uam
946 3326 1052 3364 coccum
1063 3328 1112 3379 pro
1124 3317 1185 3380 ipsa
1195 3318 1300 3367 tinam

180 3396 295 3444 coccinea
312 3404 472 3456 usurparunt,
487 3398 577 3460 inquit.
600 3398 680 3446 Recte
695 3399 758 3448 hoc:
779 3399 824 3447 sed
841 3399 973 3448 renuenda
984 3406 1023 3448 est
1034 3393 1189 3465 ὁλόκληρος
1198 3400 1300 3465 autiqm

180 3479 268 3527 lectio:
292 3478 384 3541 quippe
400 3478 485 3541 aruum
500 3495 592 3528 caccum
610 3481 675 3530 dixit
690 3481 797 3543 Plinius,
813 3489 842 3532 ut
857 3481 922 3530 Aere
934 3482 1022 3531 naba:
1040 3496 1157 3543 coccum,
1175 3483 1220 3549 qui
1231 3484 1300 3535 color

178 3570 282 3626 paratur
298 3575 312 3610 e
328 3562 412 3625 mauis
428 3564 562 3626 regionum
578 3563 684 3613 istarum
699 3564 777 3615 foetu.
799 3566 889 3629 Neque
904 3580 977 3615 secus
989 3566 1090 3633 accepit
1106 3564 1153 3627 (ne
1166 3582 1244 3632 quem
1255 3582 1300 3619 sue

179 3647 253 3696 lande
264 3644 391 3708 fraudem)
407 3647 446 3695 vir
461 3646 607 3697 excellentis
624 3649 754 3698 doctrinae
771 3656 796 3698 et
806 3649 941 3700 facundiae
950 3649 1063 3700 florentis
1075 3648 1201 3703 Octavius
1212 3652 1299 3703 Ferro-

178 3731 229 3781 rius
245 3731 272 3780 iu
289 3744 365 3794 opero
380 3731 511 3794 praeclaro
529 3732 560 3780 de
576 3746 603 3781 re
618 3733 733 3783 vestinis
749 3738 814 3795 part.
829 3738 851 3782 l.
863 3732 907 3781 lib.
922 3737 943 3781 l.
955 3746 1011 3797 cap.
1024 3734 1047 3780 7.
1069 3731 1210 3784 Caeterum
1221 3750 1300 3799 gnua

178 3816 234 3876 illa,
252 3829 305 3865 non
320 3814 424 3864 Africae
441 3822 466 3863 et
482 3815 628 3866 Lusitaniae
643 3819 733 3877 modo,
752 3816 889 3866 sedetiam
906 3815 1034 3877 Galatiae,
1054 3816 1120 3866 mihi
1136 3820 1299 3869 subiecerunt

177 3900 366 3961 cogitationem,
387 3913 417 3948 ea
434 3900 465 3947 de
480 3913 543 3949 vace
559 3908 705 3963 corruptum
721 3900 882 3961 vocabulum,
904 3915 955 3963 qno
976 3900 1165 3950 nobilissimum
1186 3904 1298 3953 colorem

177 3980 310 4043 scarletum,
330 3980 475 4043 securatam,
495 3981 633 4043 scordalum,
653 3982 789 4045 aqualatam
809 3986 893 4034 modia
913 3984 998 4048 caepit
1016 3990 1085 4033 astus
1105 3984 1206 4036 dicerer
1232 3988 1299 4037 undo

177 4064 294 4126 vulgares
308 4066 388 4114 hodie
399 4066 502 4128 linguae
514 4065 626 4126 scarleto,
644 4064 766 4129 acardus,
784 4066 911 4129 aromata,
928 4066 1084 4128 iscmlattim
1101 4066 1200 4131 saorla,
1216 4068 1299 4119 κλω-

178 4145 237 4194 malr
248 4156 407 4212 acceperunt
425 4150 519 4198 Videre
530 4149 591 4199 licet
601 4149 717 4213 Lipsium
728 4157 750 4200 1.
769 4152 894 4202 Saturnul.
905 4157 928 4203 5.
941 4152 1097 4209 Resendiutu
1107 4153 1154 4203 lib.
1166 4160 1190 4204 1.
1208 4155 1297 4219 Anaq.

178 4230 217 4279 cl.
239 4230 391 4283 salmasium
412 4240 452 4283 tot
471 4232 533 4283 locis
554 4234 586 4283 ad
607 4233 735 4297 solinum,
758 4235 882 4286 Gerhard.
904 4236 941 4286 Io.
962 4236 1084 4288 vossium
1104 4237 1132 4286 in
1152 4238 1297 4299 elemento,
