2760 4734
126 2011 233 2083 illum
260 2010 449 2108 exemplar
471 2005 764 2083 vetustissimum
780 2001 945 2077 PLINI
963 2014 1116 2076 naturae
1142 2003 1249 2080 disto·

127 2160 268 2236 ricrum
294 2163 480 2254 exhibere,
515 2159 615 2259 quod
642 2183 736 2256 opus
769 2182 893 2230 rerum
924 2182 1016 2254 quas
1046 2167 1186 2232 tractat
1213 2169 1250 2232 et

126 2316 305 2389 varietate
332 2325 369 2386 et
395 2313 578 2420 gravitate
605 2310 763 2400 excellit,
789 2309 889 2383 idem
913 2319 1038 2383 tamen
1055 2310 1150 2383 mira
1166 2322 1248 2385 tex-

125 2474 187 2538 tus
215 2465 479 2562 depravatione
505 2463 661 2552 laborat,
694 2486 826 2560 operae
852 2463 1013 2560 pretium
1038 2461 1249 2557 videbatur,

128 2617 159 2690 si
184 2618 246 2690 vel
270 2617 423 2690 minima
449 2610 543 2713 quae
568 2616 723 2712 reperiri
747 2624 901 2713 possent
917 2615 1150 2714 palimpsesti
1176 2617 1249 2690 fra-

127 2780 279 2867 gmenta
304 2770 344 2840 in
365 2770 486 2842 lucem
502 2769 766 2866 proferrentur.
794 2763 904 2854 Quod
922 2769 1117 2842 consilium
1135 2765 1250 2860 TIBI,

126 2921 185 2995 vir
201 2922 362 2994 maxime
381 2921 545 3013 colende,
564 2920 703 3019 aperui,
721 2920 832 2993 simul
849 2919 912 2993 TE
929 2920 1072 3019 rogavi,
1089 2930 1132 2993 ut
1150 2920 1251 2994 codi-

128 3073 180 3146 cis
193 3073 292 3146 illius
310 3099 463 3148 usuram
481 3097 681 3171 eorumque
701 3097 794 3170 quae
807 3071 894 3145 inde
911 3097 1119 3171 promerem
1138 3072 1250 3146 eden-

128 3224 260 3299 dorum
286 3227 501 3300 facultatem
523 3223 763 3316 concederes;
789 3234 1151 3322 persuasumautem
1168 3237 1253 3300 erat

127 3375 191 3451 ΤΕ
217 3403 287 3475 pro
319 3403 463 3451 summa
490 3375 593 3450 TUA
618 3377 850 3450 humanitate
882 3387 993 3475 atque
1024 3378 1173 3476 prolixa
1207 3379 1251 3452 li·

125 3538 225 3602 teras
259 3529 414 3604 iuvandi
445 3531 637 3604 voluntate
669 3530 904 3628 propositum
937 3555 1061 3604 meum
1086 3555 1164 3603 non
1191 3555 1252 3606 so·

125 3682 202 3754 lum
230 3681 484 3780 probaturum,
521 3680 587 3755 sed
622 3682 732 3756 etiam
768 3683 870 3756 omni
894 3683 1006 3758 modo
1033 3683 1269 3758 adiuturum·

127 3855 218 3906 esse.
261 3830 390 3931 Neque
417 3835 509 3909 haec
534 3861 593 3908 me
621 3861 705 3933 spes
732 3835 873 3909 fefellit.
918 3833 1052 3913 Statim
1084 3835 1255 3912 codicem

121 3984 216 4056 'mihi
248 3986 383 4059 misisti
417 3988 703 4086 facultatemque
744 3987 879 4062 edendi
913 4013 1057 4062 summa
1088 3991 1254 4065 benevo-

124 4135 240 4210 lentia
274 4139 499 4215 concessisti.
546 4135 657 4229 Quod
692 4141 830 4239 duplex
864 4142 1086 4219 beneficium
1117 4142 1157 4217 in
1189 4168 1254 4218 me
