2760 4734
467 271 572 315 nonus
587 272 631 313 sn
646 273 729 314 mna.
746 273 865 314 xxxm.
1187 255 1226 316 81

101 400 232 488 posteaque
252 436 294 470 cas
313 422 345 469 ab
365 421 572 471 innumerabilibus
592 421 648 470 aliis
668 421 693 470 in
712 420 773 470 bunc
788 421 848 470 dmm
864 422 946 471 victas.
973 423 1055 473 Addit
1070 424 1226 474 Numantino

105 507 235 569 triunmbo
250 507 396 569 Scipionem
408 506 513 568 singulis
524 506 646 556 militibus
659 507 806 555 donativum
817 514 914 568 septem
930 508 1047 557 denarios
1064 509 1227 559 distribuisse.

105 592 261 650 Confirmat,
284 592 352 653 quod
371 591 504 641 Pintianus
526 591 648 654 appositis
669 591 751 640 verbis
770 588 882 638 militibus
902 589 994 640 XVII
1010 591 1047 640 M
1064 590 1143 654 pondo
1164 590 1229 640 dedit

105 679 157 726 duo
169 677 215 724 illa
227 675 311 734 verba,
328 672 406 722 millia
418 673 506 737 pando,
524 676 550 722 in
563 674 650 723 codice
662 674 767 736 antiquo
779 675 915 724 desiderari
932 676 1040 723 notavit:
1057 678 1126 738 quod
1144 684 1229 726 tumen

104 774 190 823 neque
206 759 334 808 intellexit
350 759 411 822 ipse,
430 772 513 820 neque
529 767 589 822 post
604 773 662 807 eum
679 759 826 821 quisquam,
845 759 915 820 quod
932 758 1023 819 sciam,
1041 760 1229 810 subintellexit

106 853 151 893 aut
163 844 233 893 cordi
245 844 342 892 habuit.
360 841 392 890 In
403 842 471 891 Men.
484 843 566 891 Acad.
579 842 646 892 Gud.
658 842 691 892 X
696 840 750 892 VII
755 841 835 904 ponda
847 841 919 891 dedit.

142 926 203 991 [lb]
216 930 252 977 At
262 927 350 975 Liuius
360 925 458 974 Drusus
473 925 498 974 iu
514 926 634 974 tribunatu
643 925 720 990 plebis
731 925 780 976 XI
788 925 877 987 millia]
897 926 974 977 Voss.
986 927 1022 975 At
1033 928 1129 976 Drusus
1140 926 1228 976 Liuius

105 1015 131 1062 in
148 1013 269 1062 tribunatu
281 1009 343 1074 pleb.
356 1010 393 1060 X.
411 1012 443 1061 In
454 1010 529 1059 Livio
542 1019 567 1061 et
579 1010 676 1061 Seneca
692 1026 794 1073 quoque
811 1012 956 1061 notavimus
973 1012 1045 1061 illam
1061 1014 1227 1062 mutationem

104 1098 155 1146 loci
167 1096 307 1146 nominum.

142 1180 199 1244 [50,
218 1177 277 1240 143]
296 1163 402 1242 Ledaeos
420 1174 654 1242 Cartbapineusium]
673 1180 748 1228 Voss.
765 1177 1002 1242 Carthaginiensium,
1021 1189 1049 1228 ut
1066 1181 1156 1243 optimi
1173 1182 1228 1242 qui-

106 1281 156 1329 que
168 1265 227 1314 libri
239 1278 346 1326 semper.

142 1345 205 1409 [lb]
224 1347 332 1399 Paterna
343 1363 433 1410 quaque
443 1354 511 1411 pente
524 1345 619 1410 pulsum
631 1344 695 1410 quod
705 1345 779 1408 XII]
798 1348 869 1395 Men.
882 1356 907 1396 et
919 1347 986 1397 Gud.
1000 1355 1150 1411 paternaque
1160 1355 1228 1412 pente
1242 1353 1287 1396 821

106 1430 258 1497 appellatum.
278 1432 354 1481 Voss.
368 1440 517 1495 paternaque
532 1439 600 1496 pente
614 1430 727 1495 pellitam.
750 1432 869 1494 Intellige
880 1432 1002 1482 Pellitum
1015 1432 1131 1492 Sardum,
1148 1441 1177 1481 ut
1195 1435 1227 1482 ad

105 1518 207 1566 Livium
221 1514 274 1578 [23,
286 1522 327 1575 40,
340 1513 368 1576 3]
381 1517 534 1565 monuimus.

142 1597 195 1661 [51,
210 1598 270 1660 144]
288 1599 339 1647 Aut
353 1599 459 1649 Deliaca
469 1599 546 1663 speeie
553 1601 660 1664 faceret,
676 1599 719 1648 sed
729 1601 832 1650 Punica.
849 1599 916 1650 Idem
932 1609 955 1650 et
966 1601 1128 1665 aureossecit]
1146 1605 1227 1653 Acad.

106 1686 175 1733 Men.
189 1692 214 1733 et
227 1683 292 1733 Gud.
305 1684 347 1733 sed
360 1685 450 1748 punica
467 1683 547 1733 eadem
560 1692 583 1732 et
594 1701 686 1736 aureos.
710 1687 785 1737 Voss.
798 1684 840 1734 scd
850 1686 986 1736 Punicana.
1004 1683 1098 1735 Eadem
1111 1693 1133 1734 et
1144 1701 1228 1736 aureos

99 1768 170 1830 fecit.
189 1767 279 1817 Cicero
291 1784 337 1831 pro
350 1771 474 1819 Muraena
487 1768 540 1830 [36,
554 1768 609 1830 76]:
626 1770 713 1821 saucit
725 1770 843 1833 pelliculis
860 1770 970 1818 baediuis
986 1769 1080 1818 lectulos
1092 1768 1229 1817 Punicanos

106 1860 130 1900 st
141 1852 247 1915 esposuit
258 1868 318 1900 vasa
330 1852 423 1903 Samia.
441 1854 560 1902 Valerius
572 1856 702 1903 Maximus
714 1856 758 1904 lib.
773 1859 795 1914 7,
812 1861 833 1903 1.
853 1852 903 1914 [est
918 1855 1008 1902 vitium
1025 1855 1050 1902 in
1067 1868 1173 1901 numero
1186 1869 1227 1902 ca-

106 1937 180 1999 pitis;
192 1937 264 1986 locus
276 1938 369 1998 legitur
383 1941 405 1997 7,
420 1942 442 1997 5,
457 1934 497 1997 l]:
511 1935 605 1984 lectulos
616 1935 754 1984 Punicanos
764 1935 866 2000 pellibus
877 1935 986 1984 haedinis
996 1936 1083 1985 strauit
1098 1943 1120 1984 et
1128 1952 1177 1999 pro
1187 1952 1227 1983 ar-

105 2021 194 2083 pentcis
206 2022 270 2069 vasis
282 2020 368 2071 Samia
380 2020 493 2083 esposuit.
511 2020 555 2071 Sic
567 2036 669 2084 quoque
680 2022 791 2071 Pintiani
804 2023 893 2070 codex.

143 2104 195 2168 [52,
210 2104 270 2166 146]
289 2104 359 2154 Addi
373 2121 418 2153 sua
434 2104 546 2152 memoria
562 2112 666 2175 coeptum
679 2104 812 2153 Fenestella
824 2103 892 2166 dicit]
911 2107 987 2156 Voss.
1005 2107 1119 2155 ultimam
1136 2119 1225 2155 vocem

106 2190 176 2238 iubet
187 2191 284 2239 induci:
296 2189 389 2240 sufficit
400 2191 467 2238 enim
479 2190 643 2238 antecessisse
656 2186 739 2237 tradit.

143 2271 195 2334 [58‚
211 2272 271 2334 147]
290 2272 343 2323 Nec
352 2272 421 2336 copia
431 2279 519 2319 tantum
529 2270 624 2336 arpenti
624 2271 705 2335 suerit
713 2270 784 2332 uitae,
796 2269 839 2318 sed
847 2269 949 2319 ualidius
955 2287 1032 2333 paene
1041 2272 1224 2336 manupretium]

106 2359 184 2407 Voss.
197 2358 247 2405 uita
260 2367 285 2406 et
296 2356 452 2419 manipretiis.
477 2356 553 2416 Quali
571 2371 603 2406 ex
620 2357 742 2419 scriptura
755 2355 911 2416 ciacconius,
923 2357 1001 2404 immo
1013 2357 1157 2407 Pintianus:
1175 2356 1227 2407 Nec

107 2443 179 2504 capia
192 2449 280 2489 tantum
294 2442 391 2505 arpenti
392 2440 476 2502 furuit
487 2441 546 2501 vita,
558 2439 602 2489 sed
613 2438 715 2488 ualidius
723 2455 800 2503 paene
811 2439 972 2502 manupretirs.
991 2442 1080 2490 Placet
1091 2443 1227 2512 sententia3

104 2539 160 2572 non
173 2525 317 2573 obsoletum
329 2525 393 2572 illud
398 2524 488 2585 furuit.
506 2524 598 2572 Malim
602 2525 689 2586 surere
700 2523 753 2572 visi.

143 2603 198 2666 [53‚
213 2604 272 2667 148]
298 2605 339 2656 VI
346 2605 447 2655 millibus
463 2607 575 2655 sestertiis
586 2607 612 2655 in
623 2607 731 2672 mapulas
742 2609 818 2658 libras
829 2624 890 2657 vasa
901 2617 979 2673 empta
991 2607 1110 2671 babuisse]
1127 2613 1227 2660 Locum

104 2695 175 2741 hunc
187 2693 294 2740 mendae
307 2699 453 2754 suspectum
465 2705 519 2742 esse
531 2693 558 2742 in
570 2694 680 2743 dictione
695 2710 755 2742 uasa
767 2709 800 2743 ex
811 2695 916 2756 antiquo
930 2696 1015 2745 scribit
1027 2696 1146 2746 Budaeus
1158 2697 1202 2745 lib.
1212 2702 1227 2744 3

107 2775 144 2839 [p.
155 2774 226 2837 369]
246 2776 330 2825 Credo
343 2778 473 2840 equidem:
481 2793 541 2826 nam
549 2778 626 2828 Voss.
637 2779 757 2839 Pintiani,
771 2778 837 2829 (iud.
849 2780 930 2829 Acsd.
940 2780 1009 2829 Men.
1023 2794 1160 2830 consensu:
1173 2795 1227 2827 eun-

105 2857 158 2907 dem
170 2859 237 2910 H-S.
257 2859 299 2909 VI.
313 2860 338 2908 in
349 2860 455 2925 sinpuias
467 2860 542 2910 libras
552 2878 601 2911 uua
612 2862 726 2926 emptalia
737 2862 851 2912 babuisse.
870 2865 952 2926 Lege:
968 2862 1064 2912 Constat
1080 2862 1175 2911 eundem
1192 2879 1228 2910 se·

105 2943 211 2993 stertirim
223 2961 263 2992 sea
276 2943 376 2994 suillibus
386 2946 411 2994 in
422 2945 529 3009 sinpulas
541 2945 617 2993 libras
632 2963 680 2994 una
697 2945 836 2994 emblemata
848 2946 963 2994 babuisse.
982 2945 1072 2995 Cicero
1084 2947 1128 2994 lib.
1141 2950 1157 2991 4
1171 2942 1227 3004 [17]

106 3030 134 3076 in
146 3030 263 3078 Verrem:
279 3029 379 3092 scaphia
394 3046 445 3077 cum
463 3029 612 3078 emblematis.
630 3031 664 3078 Et
679 3027 736 3091 [21]
751 3028 891 3076 thuribulum
908 3027 990 3076 avulso
1003 3027 1145 3076 emblemate.
1164 3028 1229 3076 Item

109 3109 167 3173 [22]
180 3111 227 3162 duo
239 3113 324 3178 pocula
341 3129 387 3160 non
403 3128 499 3176 mappa,
516 3120 667 3160 veruntamen
678 3128 730 3160 cum
741 3111 889 3160 ernblematis.
907 3114 942 3161 Et
955 3110 1007 3173 [23.
1021 3109 1111 3172 extr.]:
1130 3111 1159 3159 iis
1176 3127 1229 3159 cru-

30 3242 33 3249 ,
108 3205 161 3244 stae
173 3205 195 3245 et
207 3197 345 3246 emblemata
357 3196 518 3245 detruduntur.
536 3198 633 3246 Plinius
645 3198 727 3259 capite
743 3197 856 3259 sequenti
871 3194 923 3256 [55‚
939 3193 1011 3257 156]:
1030 3194 1124 3259 lllpsses
1135 3203 1158 3243 et
1168 3195 1230 3245 Dio-

109 3279 187 3329 medes
198 3290 266 3330 erant
277 3282 301 3330 in
310 3280 410 3345 pbialae
422 3277 556 3328 emblemate
567 3279 707 3328 Palladium
718 3279 878 3342 surripientes.
1180 3260 1184 3272 Δ

146 3363 199 3427 [53,
214 3363 274 3426 150]
299 3364 331 3413 Ut
343 3364 425 3413 liberet
436 3362 547 3427 amplecti
559 3365 619 3413 uitia
631 3374 653 3413 et
665 3363 744 3413 liceret
752 3362 863 3428 peccare]
882 3364 941 3414 Hoc
953 3380 968 3413 a
980 3364 1097 3416 Selenio.
1116 3367 1192 3417 Voss.
1207 3374 1232 3415 ut

111 3465 140 3497 eu
152 3448 232 3498 liberet
243 3449 353 3512 amplecti
364 3449 422 3498 uitia
435 3456 457 3496 et
469 3438 555 3498 liceret.
575 3448 670 3510 Scribe,
684 3457 711 3497 ut
721 3458 743 3497 et
756 3447 849 3499 liberet:
867 3459 892 3499 et
909 3452 944 3501 sic
955 3452 1123 3501 Academicus
1136 3452 1231 3502 Gudia-

111 3549 216 3597 nusque.
234 3536 303 3584 Men.
316 3541 387 3596 utque
399 3531 489 3583 liberet.
507 3533 628 3596 Sequitur
639 3534 665 3581 in
678 3536 772 3583 eisdem
785 3542 811 3582 et
821 3535 946 3584 Pintiani:
962 3543 1041 3598 petere
1053 3543 1075 3582 et
1087 3534 1230 3597 dipnatione.

112 3620 185 3668 Unde
197 3619 380 3675 Fortissimus,
392 3618 483 3666 Potare
494 3633 549 3665 aere
561 3615 695 3683 indipnetur
705 3616 744 3666 tic
756 3617 844 3680 aliquis
856 3628 970 3668 ueterum:
988 3620 1086 3669 acutius
1099 3627 1125 3668 et
1135 3621 1231 3681 puden-

114 3704 162 3750 tius
175 3703 277 3764 Lipsius
289 3702 332 3751 lib.
346 3707 369 3749 2.
381 3704 463 3751 Elect.
477 3708 500 3752 8.
512 3701 607 3750 Petiere
619 3709 641 3749 et
653 3700 813 3764 dipnationem
826 3701 878 3752 binc
890 3702 968 3764 aliqui
978 3709 1091 3750 veterum=
1110 3702 1153 3750 sed
1168 3717 1230 3762 non,

110 3790 141 3834 'ut
152 3786 236 3846 velim,
248 3787 437 3849 interpretatur.
460 3786 525 3836 Vult
536 3788 603 3835 enim
616 3787 739 3848 quosdam
752 3788 829 3835 etiam
841 3801 855 3835 e
866 3787 955 3850 priscis
968 3785 1117 3847 dignitatem
1130 3785 1177 3834 sibi
1188 3787 1232 3834 ad·

106 3877 208 3919 >struere
229 3878 336 3919 conatos
358 3871 481 3919 electione
497 3871 546 3919 ieta
562 3878 588 3919 et
605 3871 707 3920 curiosa
725 3885 786 3920 cura
803 3885 932 3927 vasorum,
949 3869 1016 3916 inter
1033 3882 1097 3930 quos
1113 3870 1231 3918 Marium.

113 3955 150 4002 At
161 3968 209 4016 ego
222 3955 372 4004 electionem
384 3956 458 4004 istam
472 3964 497 4003 et
508 3955 634 4003 curiosam
653 3968 740 4003 curam
756 3969 875 4004 vasorum
893 3953 976 4016 potius
989 3953 1115 4001 destruere
1127 3953 1234 4014 dignite-

115 4044 164 4085 tem
182 4039 322 4087 censuerim
334 4053 411 4101 quam
423 4053 527 4101 angere:
545 4039 657 4088 Plinium
675 4047 760 4088 autem
778 4041 867 4098 dicere,
885 4052 917 4086 ex
934 4037 995 4099 ipsis
1011 4037 1077 4086 uitiis
1094 4044 1148 4086 tum
1165 4051 1232 4099 gras-

115 4123 228 4172 santibus
240 4131 265 4171 et
277 4124 375 4172 insania
391 4125 417 4171 in
430 4124 495 4173 vasis
507 4123 624 4186 pretiosis
640 4113 816 4188 comparandis
834 4123 955 4185 quosdam
973 4121 1020 4171 sibi
1037 4121 1145 4183 gloriam
1162 4137 1234 4184 para·

1012 4201 1031 4264 6
