2760 4734
181 256 222 317 24
670 271 810 314 osouovr

180 423 312 472 ianthinum
324 420 503 485 appellavimus,
521 422 643 471 subaudio
657 430 725 481 reste,
738 437 771 470 ex
783 435 838 484 esp.
852 426 866 470 6
880 417 934 481 [74,
947 418 993 483 27]
1006 422 1039 470 ab
1051 419 1094 471 his
1106 420 1223 470 ianthina
1232 421 1301 471 emir.

181 508 246 557 Nam
256 503 387 554 ianthinum
396 521 441 569 pro
451 503 611 569 hyacinthinam
620 506 722 554 Merula
732 514 757 553 et
767 504 920 554 Hermolaus
930 504 1058 555 viderunt.
1079 504 1136 557 Sed
1144 504 1251 555 toruus
1257 520 1303 556 me

181 590 246 639 liora
263 603 352 639 nosces
365 605 399 639 ex
407 590 525 639 Pintiauo
536 597 561 638 et
571 589 695 640 Salmasio
707 591 739 638 ad
748 588 899 638 Tertulliani
910 588 1024 637 Pallium
1033 604 1062 653 p.
1076 590 1186 651 137,ἱο
1195 589 1303 641 Solinus!

180 689 204 737 p.
218 677 275 722 273.
294 673 444 735 Octaviique
456 672 564 722 Ferrarii
575 672 668 734 insigni
680 686 757 735 opere
769 674 800 720 de
812 687 839 720 re
850 672 968 721 vestiaria
979 680 1045 735 part.
1063 678 1087 722 l.
1101 672 1149 722 hb.
1162 678 1188 721 2.
1201 688 1254 737 esp.
1264 676 1286 721 7.

216 754 268 817 [23,
283 754 326 817 47]
346 755 445 806 Summa
462 756 511 803 eius
529 763 618 803 natura
634 755 658 803 in
674 754 766 803 nomine
777 752 822 816 est]
842 753 941 805 Summa
958 762 1050 803 natura
1069 754 1125 804 dare
1142 756 1228 806 Acad.
1244 754 1303 807 Gud.

182 839 309 890 Vossiani.
333 840 472 901 Salmasius
490 840 566 888 scribi
583 839 661 898 iubet,
678 837 778 887 Summa
794 845 895 887 naturae
910 837 966 898 eins,
983 847 1014 889 ut
1029 854 1132 889 mma
1148 838 1208 901 υοιί,
1223 854 1306 888 um

182 940 262 984 aurae,
281 925 314 972 ed
331 923 411 973 Solia.
427 939 452 986 p.
470 927 526 972 966.
545 923 691 985 Perpetem,
709 929 737 970 ut
753 928 822 984 puto.
840 936 901 970 nem
917 922 1009 971 eodem
1026 936 1109 972 sensu
1121 930 1150 973 et
1167 924 1305 987 elegantius

182 1008 273 1056 dicitur
284 1023 374 1055 summa
385 1014 482 1064 natura,
494 1013 522 1055 ut
533 1020 624 1053 summa
635 1004 774 1067 respublica.
794 1006 861 1054 Vide
873 1007 906 1054 ad
917 1005 1018 1054 Livium
1029 1005 1078 1055 lib.
1093 1012 1138 1067 26,
1153 1012 1196 1057 10.

216 1091 281 1141 GAP.
294 1092 341 1139 IX.
360 1089 413 1152 [³0,
434 1087 477 1150 54]
501 1089 533 1138 Ut
544 1087 674 1150 marathre,
692 1087 898 1151 hippomarathro]
918 1089 1038 1138 Vossiaui
1051 1092 1109 1141 duo
1122 1090 1305 1157 Gudiannsqtte

121 1176 168 1224 776
182 1173 299 1231 maratho,
311 1172 499 1237 hippomaratho.
512 1183 541 1222 ut
553 1180 578 1222 et
589 1173 657 1221 alibi.
675 1172 790 1236 Utroque
802 1180 886 1221 autem
900 1174 975 1222 modo
988 1181 1014 1222 et
1025 1173 1142 1224 Graecis
1153 1174 1278 1225 scribitur.

217 1258 282 1308 Gar.
294 1259 327 1306 X.
342 1255 395 1318 [34,
409 1255 452 1318 60]
466 1256 611 1305 Abrotonum
623 1255 693 1304 odore
704 1254 803 1304 iucunde
813 1255 963 1319 qraeifloret
973 1254 1080 1319 amiate]
1095 1258 1182 1309 Reate
1195 1259 1308 1311 Gdanim

183 1341 282 1391 iucunde
301 1341 382 1406 praui:
403 1345 446 1391 sed
469 1339 499 1389 τὸ
523 1348 613 1388 aestate
635 1341 694 1389 defit
709 1341 736 1389 in
753 1341 904 1391 castioribus
919 1340 1095 1403 membranis,
1119 1344 1211 1393 ortum
1233 1359 1266 1395 ex
1279 1350 1309 1393 at

183 1435 267 1487 autern,
286 1428 355 1489 quod
371 1427 444 1474 video
462 1427 488 1472 iu
506 1427 581 1474 Voss.
595 1424 702 1483 duobus,
720 1423 876 1473 Academico
888 1431 913 1473 et
925 1423 1053 1485 Gudiano,
1073 1433 1103 1475 et
1114 1426 1216 1477 adiecit
1226 1428 1309 1493 utqui·

184 1511 329 1574 expleturus
346 1511 372 1558 in
390 1509 505 1571 sequenti
518 1508 662 1567 commotio,
681 1509 747 1570 quod
760 1508 861 1557 Plinius
873 1508 987 1557 voluerat
998 1507 1121 1572 intelligi.
1141 1509 1308 1561 Saffieitrem

183 1593 269 1658 paullo
282 1602 339 1657 post
352 1593 400 1641 dici
413 1595 444 1642 de
456 1594 579 1642 abrotono
593 1600 619 1641 et
630 1593 722 1640 adonio
734 1592 852 1640 iunctim:
870 1591 998 1655 Utrumque
1007 1590 1089 1655 floret
1100 1602 1207 1644 aestate

217 1677 282 1727 Cur.
300 1676 347 1725 XI.
367 1674 424 1737 [36,
444 1673 488 1736 62]
507 1674 676 1738 Nycteyretum
697 1673 758 1722 inter
777 1690 859 1738 pauca
880 1675 980 1723 miratus
998 1683 1034 1723 est
1055 1676 1221 1727 Democritus
1233 1674 1309 1727 coierit

184 1758 259 1824 ipnez]
284 1759 378 1810 Omnes
400 1758 567 1822 Nyctepreton.
593 1758 662 1806 Dein
678 1759 740 1807 Mss.
759 1766 868 1820 quatuor
884 1757 1069 1823 colarishyqini
1082 1759 1154 1822 folio
1172 1760 1256 1825 spineo
1270 1768 1309 1811 aul

184 1843 271 1908 hipini3
288 1843 328 1892 cui
345 1843 456 1892 maxime
473 1843 588 1903 fidimus,
606 1838 690 1889 celeris
706 1839 794 1904 hirpini
806 1840 872 1903 folio
888 1840 1002 1906 hirpinoe.
1025 1842 1134 1894 Scribe:
1152 1840 1309 1910 NJsepnu·

184 1927 246 1974 inter
263 1942 345 1989 pauca
365 1926 465 1974 miratus
485 1933 520 1973 est
540 1924 703 1986 Democritus,
724 1923 810 1973 eoloris
829 1924 934 1989 hysqini,
948 1924 1013 1988 folio
1034 1925 1131 1989 spinae.
1159 1928 1309 1995 Hesycbim.

181 2004 312 2075 “chon
330 2005 428 2070 βάμμα
440 2024 472 2056 τι.
491 2009 586 2058 Noster
597 2009 640 2058 lib.
653 2013 676 2069 9,
690 2015 721 2058 42
736 2006 846 2072 [potiusz
865 2014 888 2069 9,
902 2016 941 2069 41,
956 2016 995 2070 65,
1010 2007 1086 2071 140]:
1105 2010 1165 2074 quin
1184 2021 1210 2060 et
1224 2020 1310 2061 terrena

184 2094 286 2151 mutere,
299 2109 409 2155 caecoque
422 2092 515 2141 tinctum
531 2093 603 2157 Tyrio
616 2092 711 2155 tineae,
724 2099 751 2140 ut
759 2091 835 2153 fieret
846 2091 976 2156 hyspinum.
995 2093 1053 2143 Lib.
1064 2099 1110 2153 21,
1123 2100 1158 2145 26
1173 2092 1308 2158 [at,1⁷o]:

184 2176 345 2241 Hyacinthum
362 2177 386 2224 in
405 2175 490 2228 Gallia
506 2176 608 2223 maxime
621 2175 807 2238 prevenitrhoa
823 2175 857 2223 ibi
869 2191 915 2238 pro
931 2192 997 2225 eoem
1009 2175 1139 2241 hysqinum
1152 2178 1254 2242 tinyunt.
1270 2176 1308 2228 Sit

186 2262 301 2312 Hermol.
324 2261 452 2311 Barbarus
467 2276 514 2324 pro
531 2276 575 2321 eo,
594 2262 661 2323 quod
677 2261 703 2307 in
720 2268 778 2309 vett.
796 2259 840 2307 hoc
855 2258 891 2307 ibi
913 2257 974 2309 loeo:
994 2264 1063 2310 unde
1084 2262 1209 2311 nonnulli
1228 2270 1308 2327 pasus

185 2343 293 2405 locorum,
311 2349 378 2409 quod
396 2354 421 2393 et
437 2345 577 2396 Salmasius
594 2345 627 2392 ad
639 2343 719 2394 Solin.
738 2358 762 2406 p.
776 2348 833 2394 272.
846 2345 965 2407 sequitur.
983 2342 1085 2394 censeo
1098 2344 1210 2395 scmbas:
1221 2342 1264 2393 hoc
1280 2342 1308 2393 ut

180 2428 238 2489 fuco
258 2428 380 2493 hysqinum
402 2428 500 2490 linqunt.
518 2429 575 2478 Lib.
596 2433 642 2486 ³5,
665 2424 751 2488 6[26,
773 2425 831 2488 45]:
853 2424 932 2476 Causa
948 2435 994 2488 est,
1010 2426 1076 2490 quod
1092 2427 1198 2493 hysqino
1213 2426 1307 2477 maht

185 2512 296 2573 inficitur.
315 2512 465 2560 Athenaeus
481 2511 524 2558 lib.
544 2516 557 2559 6
576 2508 610 2570 [c.
629 2515 667 2558 16.
685 2526 709 2573 p.
729 2515 785 2559 255.
797 2508 844 2571 E]:
866 2506 916 2558 δύο
934 2501 957 2558 δ’
978 2507 1028 2559 ὑπὸ
1041 2510 1105 2569 τοῖς
1115 2507 1197 2561 ποσὶν
1211 2510 1305 2577 barut-

185 2589 274 2656 βαφῇ.
293 2591 399 2656 Hpspini
409 2608 489 2655 sagax
502 2607 602 2656 quoque
613 2594 746 2644 Pintianus
759 2595 930 2657 deprehendit.

221 2672 279 2737 [40,
292 2673 337 2736 69]
362 2675 395 2724 Ut
406 2675 470 2723 intra
481 2675 509 2724 id
520 2684 608 2740 tempus
617 2675 735 2740 purpata]
755 2679 830 2726 Voss.
842 2679 964 2741 optimus:
979 2688 1144 2742 purpuream.
1163 2680 1247 2745 Lege:
1255 2694 1306 2743 ptr-

184 2766 291 2823 purqata
307 2775 336 2806 ac
349 2775 414 2821 pura
430 2759 485 2808 sint.
503 2761 559 2809 Lib.
579 2767 619 2819 34,
639 2767 669 2810 13
688 2760 741 2822 [37,
761 2759 820 2822 136]
838 2762 928 2811 siccare
946 2770 968 2810 et
985 2764 1147 2812 macerentur
1170 2778 1306 2821 eumen,

184 2858 340 2906 perpurqare.
359 2843 471 2892 Utuntur
483 2851 507 2892 et
517 2845 624 2894 Plautus
637 2854 663 2894 et
674 2846 757 2894 Varro
768 2847 799 2894 de
811 2859 838 2895 re
849 2852 910 2896 rust.
923 2851 947 2907 2,
962 2853 989 2898 ll
1005 2844 1055 2909 [2].
1076 2886 1082 2896 .

221 2927 285 2978 (iss.
301 2927 364 2976 XII.
382 2925 440 2989 [41‚
459 2926 502 2989 70]
530 2927 640 2977 Maxime
657 2927 777 2990 alvearia]
805 2928 862 2978 Hoc
879 2931 904 2977 in
920 2929 1046 2979 vocabulo
1063 2938 1089 2979 et
1106 2932 1130 2980 ei
1141 2928 1237 2981 'vicino
1250 2928 1308 2979 alm

186 3020 320 3076 perpetuus
341 3027 408 3061 error
427 3027 479 3061 non
499 3013 618 3074 vulgatos
639 3014 726 3072 modo,
747 3014 790 3061 sed
812 3018 837 3061 et
857 3012 961 3062 secundi
981 3013 1080 3075 generis
1099 3017 1307 3066 membranacea·

187 3098 293 3146 obsidet.
321 3096 389 3145 Nem
407 3097 450 3158 qui
466 3098 538 3146 nobis
555 3098 606 3145 hoo
622 3096 753 3159 negotium
769 3096 842 3157 fecit,
858 3097 885 3143 in
902 3110 932 3145 eo
948 3097 1042 3158 legitur
1058 3095 1170 3159 albana,
1188 3100 1259 3163 quad
1273 3106 1309 3147 est

186 3179 289 3230 alvaria.
313 3180 355 3231 Sic
374 3180 451 3241 inira,
474 3179 509 3228 A:
529 3179 634 3244 penulatos
655 3179 789 3228 circumseri
808 3178 921 3228 alveariis
941 3179 1119 3243 pratissimuns:
1142 3181 1189 3232 ille
1211 3182 1307 3233 auaris

188 3264 320 3314 Similiter:
342 3262 468 3326 Imponunt
489 3264 589 3311 naribus
609 3262 687 3312 aloem
707 3264 856 3326 noctibusque
872 3263 945 3326 quina
962 3262 1037 3311 millio
1050 3279 1168 3326 passuum
1187 3264 1307 3315 συιδ-σὼ

186 3362 255 3394 amne
271 3362 343 3394 naves
359 3345 492 3394 subvehunt.
511 3347 592 3405 Idem,
608 3346 734 3411 imponunt
750 3348 849 3395 navibus
860 3346 933 3396 aluos.
952 3348 1043 3397 deinde
1058 3349 1163 3410 ignorat
1181 3345 1215 3397 τὸ
1228 3364 1307 3399 mss:

186 3438 212 3478 et
226 3430 325 3488 merito,
341 3443 523 3492 supervacuum
536 3431 603 3480 enim
616 3439 661 3481 est.
678 3434 753 3481 Mox:
772 3429 844 3479 donee
854 3429 959 3495 pondere
970 3429 1021 3494 ipro
1029 3430 1121 3495 pressis
1133 3432 1238 3482 navibus
1244 3430 1309 3497 ptari

186 3510 250 3563 alvei
268 3510 436 3575 intelliqantur.
459 3513 580 3578 Scriptus,
595 3513 681 3578 plenae
697 3513 748 3564 alvi
761 3513 932 3579 intelleqantur.
956 3515 999 3565 Sic
1016 3523 1041 3564 et
1057 3529 1112 3578 cap.
1132 3520 1172 3565 14.
1191 3514 1309 3565 Alouanis

187 3597 296 3645 orientem
322 3596 517 3659 aequinoctialem
542 3607 648 3661 spectare
672 3598 784 3647 conuenit.
815 3599 891 3649 Voss.
912 3597 1025 3647 Alveria.
1057 3599 1170 3649 Deinde:
1191 3599 1310 3651 Atmn'a

186 3682 275 3744 optima
286 3697 298 3728 e
310 3681 400 3740 cortice,
418 3681 521 3731 seeundo
530 3683 623 3746 serula,
642 3683 712 3731 tertia
723 3682 816 3732 vimine.
834 3681 910 3733 Multi
919 3699 949 3730 ea
960 3690 983 3731 et
992 3681 1114 3746 speculari
1126 3680 1211 3747 lapide
1219 3684 1309 3749 faeere.

186 3766 296 3815 Pintiuni
310 3769 405 3826 codex,
421 3765 498 3816 Alvus
509 3768 618 3831 optimae.
637 3769 712 3818 Voss.
725 3767 800 3816 Aleos
811 3766 896 3831 optime
906 3767 1004 3829 cortice:
1022 3775 1076 3817 tum
1087 3767 1170 3817 nescit
1181 3763 1215 3815 τὸ
1229 3782 1267 3829 ea,
1282 3774 1311 3817 nt

187 3858 212 3897 et
223 3851 342 3899 Pintiani.
360 3851 458 3901 Scribe:
472 3851 545 3901 Aleos
557 3851 658 3914 optimas
670 3868 682 3900 e
694 3851 786 3912 cortice,
802 3850 917 3900 secundas
924 3849 1019 3914 serula,
1033 3850 1116 3899 tertias
1128 3850 1232 3915 uimine,·
1243 3848 1311 3899 multi

186 3942 208 3980 et
223 3933 343 3996 speculari
360 3934 440 3998 lapide
448 3936 538 3997 fecere.
556 3936 630 3995 Item,
651 3933 789 3983 Circumlini
803 3934 882 3984 alueos
889 3937 952 3999 fimo
965 3934 1049 3983 bubulo
1057 3932 1218 3985 utilissimum.
1237 3934 1310 4000 opti·

186 4032 255 4078 mus,
272 4016 346 4067 aleas.
371 4019 473 4080 Statim,
491 4021 514 4068 si
528 4034 628 4089 mapnus
644 4017 677 4066 sit
691 4017 780 4069 alveus.
798 4021 880 4070 Aoad.
897 4020 1023 4085 mareyna
1038 4018 1087 4068 sint
1101 4016 1222 4069 alumna
1241 4020 1308 4071 (lut.

186 4116 275 4164 ruapna
295 4102 329 4150 sit
348 4101 468 4171 alveariis.
491 4106 566 4154 Voss.
584 4103 684 4165 Andeg.
706 4119 794 4168 mayna
809 4103 843 4152 sit
859 4102 967 4154 alveriae.
989 4105 1094 4168 Menap.
1111 4118 1226 4167 moenum
1241 4110 1266 4153 st
1278 4102 1310 4153 at

186 4182 306 4232 macariis.
326 4185 409 4246 Quem
426 4189 561 4250 sequimur,
579 4193 604 4235 et
616 4185 691 4235 chifl.
708 4187 732 4235 si
741 4203 830 4252 ntayna
840 4188 872 4236 sit
882 4187 957 4238 ahur.
977 4188 1085 4239 Ibidem:
1101 4185 1225 4237 Alaear'a
1236 4186 1309 4237 nara

255 4432 323 4448 *ι
