2760 4734
367 1349 1020 1470 PROLEGOMENA.

650 1647 725 1728 51.

483 1786 530 1834 DII
548 1784 720 1837 HISTORIA
738 1784 888 1836 CODICIS.

126 1887 173 1988 In
195 1923 384 1989 bibliotheca
403 1923 588 1987 monasterii
608 1924 650 1987 ad
673 1921 707 1988 S.
731 1922 868 1993 Paulum
896 1923 929 1987 in
956 1922 1038 1986 valle
1060 1918 1242 1985 Lavantina

128 2030 314 2098 Carinthiae
337 2032 437 2097 codex
456 2033 717 2097 membranaceus
735 2044 918 2097 asservatur
935 2052 1021 2095 nunc
1041 2052 1176 2095 numero
1196 2027 1250 2091 III

128 2165 194 2208 sec.
208 2145 239 2220 8,
261 2142 422 2226 quondam
437 2140 654 2206 LXXXVII
673 2151 809 2220 notatus,
833 2142 889 2224 qui
905 2138 939 2204 S.
956 2138 1148 2223 Hieronymi
1162 2160 1249 2203 com-

126 2253 320 2318 mentarium
341 2252 375 2314 in
398 2250 648 2316 ecclesiasticum
668 2251 797 2338 paginis
821 2252 882 2315 267
904 2248 1134 2337 langobardica
1155 2269 1251 2311 manu
1343 2288 1345 2293 ι

128 2363 256 2428 sacerdo
268 2360 355 2426 VIII
370 2370 536 2426 exaratum
547 2360 794 2444 continebatque
808 2361 884 2425 illuc
896 2383 913 2424 e
925 2360 1116 2424 monasterio
1130 2355 1164 2422 S.
1176 2355 1250 2420 Bla-

129 2470 171 2536 sii
191 2471 225 2534 in
247 2470 328 2535 silva
348 2469 442 2557 nigra
464 2469 635 2534 translatus
658 2479 715 2547 cst,
738 2492 811 2535 cum
832 2469 978 2534 monachi
1000 2491 1019 2532 a
1036 2465 1155 2532 Sancto
1172 2465 1250 2530 Bla-

128 2579 179 2646 sio
199 2579 355 2644 nominati
376 2601 459 2643 anno
483 2580 564 2643 1807
587 2601 651 2643 non
673 2602 714 2643 cx
735 2579 899 2645 voluntate
921 2602 989 2655 sua,
1013 2577 1070 2643 sed
1091 2577 1250 2662 potentio·

127 2711 202 2754 rum
222 2687 365 2753 iussibus
386 2679 534 2773 parentes
556 2688 589 2752 in
607 2686 806 2753 Oarinthiam
828 2689 1031 2777 emigrarent.
1056 2685 1123 2753 Sed
1145 2709 1251 2772 neque

127 2797 280 2886 primitus
300 2798 334 2862 in
356 2798 545 2863 monasterio
568 2795 603 2862 S.
626 2797 726 2863 Blasii
748 2798 886 2884 scriptus
908 2809 956 2863 est
977 2799 1030 2864 hic
1051 2795 1142 2862 liber.
1165 2795 1250 2860 Nam

128 2917 352 2996 tegumentum
374 2908 492 2973 codicis
515 2919 548 2973 ct
569 2907 699 2972 additus
724 2908 842 2972 veteris
863 2907 1075 2974 bibliothecae
1096 2928 1249 2972 numerus

128 3016 357 3096 LXXXVII,
380 3019 432 3083 cui
453 3017 532 3083 haec
553 3017 677 3085 adiecta
698 3028 748 3082 est
769 3017 951 3102 inscriptio:
976 3019 1055 3082 liber
1077 3020 1169 3104 cupio
1183 3040 1250 3081 mc·

129 3131 222 3206 ioris,
244 3129 357 3213 procul
378 3128 475 3193 dubio
498 3128 717 3192 demonstrant
742 3127 828 3192 hunc
849 3127 1101 3213 manuscriptum
1121 3127 1197 3192 olim
1217 3128 1252 3190 in

130 3232 324 3302 monasterio
344 3237 474 3324 Augiae
496 3236 625 3302 maioris
647 3238 700 3302 vel
721 3237 828 3302 divitis
851 3246 1011 3302 servatum
1031 3237 1142 3315 fuisse,
1166 3236 1253 3319 quod

132 3358 166 3412 ct
190 3346 402 3413 Insulanense
429 3347 463 3410 in
490 3347 562 3410 lacu
590 3344 830 3412 Constantiensi
856 3347 908 3412 vel
937 3345 1252 3423 Sintleozes·Auva,

135 3454 418 3543 Siutlacis-Augia
446 3455 683 3542 appellabatur,
712 3456 808 3522 hodie
837 3467 944 3522 autem
971 3458 1152 3544 germanice
1174 3458 1253 3521 Rei·

135 3568 256 3632 cbcnau
277 3577 420 3633 vocatur.
1165 3647 1171 3654 .

179 3674 317 3743 Codices
331 3677 517 3765 Augienses
534 3676 618 3742 enim
641 3688 796 3761 quotquot
818 3699 835 3742 e
857 3677 950 3742 ruina
972 3676 1118 3744 coenobii
1141 3699 1253 3762 super-

135 3787 227 3852 fuere
260 3788 390 3853 ineunte
419 3788 481 3852 hoc
509 3787 636 3853 saeculo
663 3787 697 3852 in
722 3788 950 3854 bibliothecam
978 3788 1113 3853 aulicam
1143 3784 1254 3852 Carls-

135 3896 293 3963 ruhanam
307 3896 404 3962 delati
419 3906 504 3974 sunt,
526 3919 605 3982 qnos
624 3920 697 3963 cum
712 3920 808 3984 saepe
821 3898 978 3984 inspicere
992 3897 1086 3962 nobis
1100 3897 1254 3975 licuisset,

137 4006 232 4072 facile
253 4006 468 4073 intelleximus
489 4007 575 4073 hunc
596 4008 714 4073 librum
735 4009 769 4073 in
791 4009 934 4074 eiusdem
948 4007 1132 4072 monasterii
1152 4007 1255 4073 fuisse

137 4115 342 4195 bibliotheca,
370 4139 434 4182 non
455 4117 586 4205 Augiae
608 4117 746 4194 maioris,
772 4140 853 4203 quae
879 4117 1061 4204 germanice
1082 4119 1256 4183 Mebrercu
