2760 4734
476 274 581 318 sonsa
597 275 641 316 sn
655 275 738 316 amsa
754 275 858 316 xxxv.
1184 256 1224 319 95

138 425 230 492 [thiu]
254 424 322 475 Fecit
338 423 381 472 loc
396 422 488 487 quidem
504 423 537 474 L.
554 423 647 488 Scipio]
670 425 746 475 Voss.
764 425 832 474 Fecit
848 423 967 473 lucidam
984 432 1007 473 et
1025 423 1133 490 Lycipio.
1157 427 1224 478 Gud.

103 515 172 565 Men.
189 510 273 560 Acad.
291 507 359 558 Fecit
375 506 418 556 loc
433 507 526 571 quidem
542 516 565 556 et
579 507 611 558 L.
624 507 715 572 Scipio.
738 510 803 558 Mox
819 510 895 559 Voss.
914 507 1012 557 tradam
1028 507 1095 557 laud
1111 509 1225 559 immerito

104 593 200 661 wando
209 593 281 658 filius
298 592 348 641 eius
363 590 413 653 illo,
438 594 492 642 sine
509 590 547 657 τῷ
563 593 650 640 iratum
668 601 693 643 et
713 593 737 642 iu
758 594 952 656 praepositione,
974 607 1038 656 quae
1057 594 1134 642 etiam
1155 593 1228 643 abest

103 679 272 739 Academico,
290 678 359 726 Men.
376 675 453 737 Gna,
469 685 498 725 ut
513 678 540 725 in
555 678 646 726 iisdem
658 675 761 738 quanda
779 692 832 726 non
845 676 962 738 quomam.
986 677 1084 728 Scribe:
1107 677 1175 726 Fecit
1185 675 1227 726 loc

104 761 165 811 idem
177 769 201 811 et
211 760 245 811 L.
258 759 348 824 sapio,
367 757 517 821 tabulamque
534 759 647 808 victoriae
662 777 720 808 suae
736 759 861 808 Asiaticae
877 761 901 808 ia
915 758 1033 823 Capitolia
1047 763 1139 823 posuit:
1156 758 1228 823 idque

103 862 176 911 aspre
193 844 273 895 tulisse
282 846 392 908 fratrem
408 842 552 906 Africanum
572 842 681 904 tradunt,
703 844 769 892 laud
785 844 909 905 immerito,
926 842 1022 906 quando
1030 841 1102 906 filius
1118 843 1168 892 eius
1184 841 1227 892 illc

103 929 199 994 praelio
211 929 395 993 captussuerdt.
413 928 505 976 Voluit
516 929 583 976 idem
595 929 736 979 Pintiauus

142 1011 178 1076 [8,
191 1010 237 1074 24]
265 1011 320 1061 Rea
340 1009 440 1060 Attalus
458 1010 496 1061 VI
513 1010 589 1059 millia
604 1012 735 1062 sestertisim
752 1013 843 1060 emisset
858 1010 976 1061 Aristidis
993 1010 1097 1060 tabulam
1113 1010 1228 1060 Libertas

103 1107 199 1164 patrem
217 1093 381 1156 coutiueutem]
408 1096 490 1145 Aead.
512 1111 568 1142 mam
584 1112 636 1144 cum
651 1095 769 1160 praedam
787 1095 932 1144 vendendam
949 1095 1101 1144 destruxisset
1117 1103 1140 1143 et
1155 1093 1234 1145 XVI

106 1181 173 1230 islaris
193 1180 286 1229 emisset
305 1176 425 1229 Aristides
441 1186 536 1243 patrem
557 1178 655 1228 liberum
675 1179 782 1229 tabulam
799 1188 822 1229 et
836 1181 937 1243 pretium
950 1180 1057 1228 miratus.
1085 1179 1152 1230 Gna
1173 1195 1228 1228 uam

105 1281 159 1315 cum
177 1265 204 1314 iu
220 1262 300 1328 preda
320 1262 455 1311 vendendas
475 1262 628 1312 distrinxisset
647 1272 670 1312 et
688 1264 766 1315 XVI
782 1263 848 1313 libris
867 1264 960 1312 emmset
979 1262 1101 1312 Aristides
1125 1261 1228 1312 ωὺιιῖαηι

108 1348 205 1398 ls’lerum
223 1355 316 1411 patrem
334 1347 437 1411 pretium
459 1347 567 1397 miratus.
594 1349 697 1413 Meuap.
718 1364 773 1397 mam
793 1365 844 1397 cum
865 1348 891 1397 im
908 1346 986 1412 preda
1003 1346 1125 1396 medenda
1141 1346 1229 1396 dustra-

106 1435 182 1483 aisset
204 1441 227 1482 st
248 1431 326 1484 XVI
345 1427 412 1480 libris
432 1431 523 1479 suaset
543 1431 656 1480 aristides
677 1431 774 1481 liberum
794 1441 888 1496 patrem
912 1431 1015 1487 tabulam
1033 1431 1146 1495 preculam
1178 1432 1229 1483 Ubi

107 1517 206 1567 sedeam
228 1515 295 1565 latria
316 1530 363 1580 pro
385 1515 484 1563 sedecim
507 1514 601 1564 takutis
623 1518 743 1580 scriptum
764 1517 932 1567 arbitrabatur
953 1517 1085 1577 Budaeus,
1106 1530 1185 1580 quum
1205 1522 1230 1565 et

107 1603 163 1664 ipse
180 1601 259 1650 sicin
276 1602 327 1650 suis
344 1601 489 1650 invenisset.
521 1599 655 1649 Caeterum
673 1601 724 1650 hoc
741 1616 843 1664 quoque
859 1602 998 1665 specimen,
1022 1602 1083 1664 quid
1102 1602 1129 1650 in
1145 1601 1230 1650 Plinio

108 1685 154 1736 sibi
172 1683 248 1733 licere
263 1685 396 1733 volueriut
424 1685 501 1733 Voss.
523 1683 549 1732 in
561 1683 658 1747 praeda
673 1683 795 1733 vendenda
812 1701 855 1733 rec
870 1683 949 1733 atalia
966 1684 997 1735 X
1014 1699 1043 1738 ν]
1056 1685 1147 1734 emisset
1164 1686 1230 1734 tabu·
1244 1695 1292 1740 832

109 1769 157 1818 hm
178 1767 297 1817 Aristides
317 1767 413 1817 illerum
431 1776 525 1831 patrem
543 1769 620 1833 pretio
640 1769 747 1818 miratus.
778 1771 866 1820 Dictat
887 1778 953 1820 certe
973 1767 1097 1818 denaridm
1117 1785 1159 1818 sea
1179 1768 1230 1818 mil

110 1852 179 1902 libus.
205 1855 242 1903 At
261 1855 350 1902 eedem
372 1853 403 1900 de
424 1867 452 1901 re
472 1853 517 1900 lib.
532 1853 554 1912 7,
567 1859 599 1902 38
619 1851 757 1914 [39,1as]:
780 1851 897 1902 Aristidis
917 1852 1025 1902 Iltsbani
1040 1852 1140 1915 pictoris
1159 1869 1230 1901 unam

110 1936 216 1987 tobielem
236 1944 325 1985 emtum
347 1934 441 1984 talentis
460 1951 503 1983 rea
519 1934 617 1984 Attalus
638 1935 744 1984 licitatus
761 1945 802 1984 est.
829 1937 879 1987 Ubi
896 1937 917 1985 si
935 1936 1019 1985 valere
1036 1937 1116 1986 alteru
1133 1952 1232 1986 summa

109 2024 199 2083 debet,
218 2022 378 2071 scribendum
399 2035 469 2067 unam
492 2018 597 2067 tabulam
624 2017 711 2069 sabato
733 2019 837 2069 licitatus
859 2028 900 2069 est.
932 2018 1010 2079 Quod
1031 2022 1052 2069 si
1071 2021 1154 2070 verius
1175 2036 1232 2085 pre·

109 2108 174 2156 tium
191 2115 230 2156 est
246 2114 348 2155 centum
364 2107 460 2154 talenta
481 2101 553 2165 (uam
570 2112 596 2153 et
612 2105 662 2154 hoc
677 2106 760 2169 capite
776 2105 855 2165 iufra,
876 2105 919 2154 ubi
938 2107 969 2153 de
986 2105 1104 2168 operibus
1121 2107 1231 2155 eiusdem

110 2191 229 2240 Thebani
254 2191 320 2252 agit:
350 2205 400 2252 qua
422 2187 446 2236 ia
471 2195 524 2235 arte
547 2186 624 2236 ualuit
649 2188 696 2248 ita,
722 2197 748 2236 ut
770 2187 868 2237 Attalus
896 2204 940 2235 rea
962 2203 1032 2235 uuam
1057 2186 1161 2236 tabulam
1184 2189 1233 2237 cius

110 2282 201 2323 eentum
216 2272 310 2321 talentis
321 2272 403 2321 emisse
416 2270 549 2334 tradatur),
565 2273 608 2321 hic
624 2271 747 2322 denarium
763 2272 876 2321 sescentas
894 2271 995 2320 milltlms
1006 2273 1189 2335 reponendum,
1205 2281 1234 2322 ut

110 2373 199 2408 secum
216 2359 315 2409 Plinius
334 2359 478 2408 concordet.
504 2357 572 2407 Nam
589 2358 715 2408 talentum
732 2359 787 2408 sine
803 2357 855 2407 alia
872 2356 1049 2419 descriptione,
1066 2363 1096 2404 et
1109 2356 1234 2406 talentum

110 2443 239 2502 Atticum,
255 2456 301 2490 sex
316 2442 397 2491 millia
413 2441 542 2490 denarium
559 2443 600 2490 vel
617 2443 765 2492 drachmum
776 2442 899 2501 Varrone,
915 2441 1009 2500 Plinio,
1025 2440 1119 2489 Verrio
1131 2441 1234 2502 Flacco,

110 2525 203 2576 Servio
219 2526 333 2584 testibus,
348 2525 438 2588 viginti
454 2534 564 2588 quatuor
580 2527 695 2575 sestertia
711 2526 808 2576 Seneca
824 2534 850 2575 et
861 2525 1004 2575 Prisciauo:
1023 2526 1109 2574 desem
1126 2526 1232 2586 talenta,

117 2607 250 2656 denarium
272 2608 313 2656 rel
336 2609 481 2660 drachmum
505 2611 639 2672 sexaginta
661 2610 756 2671 millia,
783 2610 899 2660 sestertia
921 2610 1031 2659 ducenta
1054 2609 1233 2672 quadraginta:

46 2690 50 2697 '
113 2697 220 2740 centum
237 2692 339 2754 talenta,
357 2693 486 2745 denarium
504 2696 687 2745 drachmimve
703 2703 824 2744 sexcenta
841 2693 929 2754 millia,
946 2694 1087 2743 sestertium
1103 2701 1192 2757 qnater
1209 2703 1235 2743 et

112 2777 198 2825 vicies.
221 2773 286 2825 Vult
300 2763 432 2840 praeterea
448 2778 512 2827 liber
529 2779 652 2841 optimus:
675 2777 779 2827 tabulam
790 2776 915 2827 Aristides
925 2775 1040 2826 Liberum
1051 2776 1158 2839 Patrem,
1181 2779 1235 2828 siue
1264 2785 1270 2846 ζ

113 2856 152 2924 τῷ
162 2857 321 2921 continentem,
339 2863 409 2923 quod
426 2870 452 2910 et
467 2862 511 2909 alii
528 2863 608 2911 uestri
623 2869 675 2911 tres
691 2870 858 2925 aspernantur
873 2869 899 2911 et
914 2863 979 2910 liber
995 2862 1114 2910 Pintiau'u
1136 2862 1235 2910 Dicitur

114 2943 181 2992 euim
201 2957 246 3006 per
267 2944 430 3006 epexegesis,
451 2957 528 3003 quam
548 2945 628 3004 vulgo
649 2944 819 3005 appositionem
838 2953 944 3004 vocant,
964 2943 1040 2992 Liber
1059 2943 1136 2991 Pater
1155 2941 1235 2991 tabula

114 3025 246 3076 Aristides.
266 3027 309 3076 sie
322 3027 366 3074 lib.
380 3032 421 3082 3⁵,
436 3030 463 3073 ll
481 3022 534 3084 [40,
550 3023 622 3085 1³0]:
635 3023 726 3072 Eodem
739 3025 898 3088 temporesuit
909 3032 932 3073 et
945 3022 1042 3088 Cydias,
1055 3025 1120 3073 cuius
1131 3025 1234 3075 tabulam

114 3111 268 3174 &perantes
280 3108 323 3157 H·
328 3106 355 3157 S.
371 3104 494 3156 CXLIV
501 3107 645 3156 Hortensius
656 3115 738 3155 orator
749 3114 866 3155 mercatus
877 3115 919 3156 est.
939 3107 1022 3156 Pretio
1033 3123 1135 3172 quoque
1146 3109 1234 3160 forsan

115 3195 285 3252 retinendum,
305 3199 334 3240 ut
350 3189 431 3253 legas:
454 3189 566 3253 Namque
582 3206 633 3238 cum
650 3189 675 3238 ia
688 3188 784 3254 praeda
800 3189 922 3239 vendenda
938 3207 982 3238 rea
997 3190 1095 3240 Attalus
1112 3190 1235 3242 denarium

115 3294 156 3327 ses
168 3277 264 3326 millium
283 3275 348 3338 (sive
366 3276 440 3325 malis
457 3282 615 3324 sexcentorum
633 3273 741 3337 millium)
759 3273 851 3323 emisset
868 3273 972 3324 tabulam
983 3273 1109 3324 Aristides
1120 3274 1234 3327 Liberum

116 3363 213 3412 Pacem
222 3361 307 3425 pretio,
320 3360 420 3409 miratus
431 3359 608 3423 suspicatusque
620 3357 716 3422 aliquid
725 3360 750 3408 iu
762 3375 791 3409 ea
803 3358 904 3421 virtutis,
915 3357 980 3423 quod
990 3360 1040 3424 ipse
1051 3360 1158 3424 nacta,
1171 3371 1217 3414 ete.

150 3444 186 3508 [8‚
200 3444 245 3507 25]
273 3444 365 3501 Quanti
381 3460 431 3493 eum
449 3443 607 3506 existimaret]
634 3446 709 3496 Voss
728 3443 870 3494 amimaret.
897 3445 976 3496 Recte
993 3447 1110 3509 omnino,
1128 3455 1234 3499 taxaret.

114 3531 182 3580 Tres
194 3532 256 3579 item
269 3529 311 3578 alii
324 3528 451 3579 estimaret.

151 3609 186 3674 [9,
200 3610 244 3673 26]
268 3611 293 3660 A
309 3610 427 3676 Cyzicenis
443 3613 485 3662 H·
492 3612 518 3663 S.
536 3611 600 3663 XII
612 3611 660 3674 M]
684 3614 759 3664 Voss.
771 3630 788 3661 a
802 3611 921 3678 Cyzicenis
932 3615 965 3664 X
974 3630 1020 3675 111,
1037 3617 1088 3664 hoc
1099 3622 1145 3675 est,
1159 3618 1235 3664 deua-

116 3697 180 3746 rium
192 3697 271 3746 tribus
287 3697 408 3757 millibus,
430 3699 499 3760 quod
515 3697 720 3748 euchifletianus
736 3698 828 3748 firmat.
851 3715 911 3750 uam
927 3699 1009 3748 Acad.
1026 3683 1105 3748 XIII
1116 3697 1190 3757 litrs's,
1206 3707 1235 3747 ut

116 3788 142 3830 et
154 3779 287 3831 Gudianus
298 3790 323 3830 et
334 3782 477 3844 Menapius.

151 3865 215 3916 (lar.
228 3865 276 3914 VI.
295 3863 406 3927 [1³,31]
433 3864 541 3914 Pretium
559 3865 659 3929 optime
675 3865 701 3915 ia
718 3865 887 3917 libras'XIII
901 3862 1008 3926 denaria]
1035 3865 1110 3916 Voss.
1128 3865 1234 3926 Praium

116 3949 218 4012 optimae
233 3950 267 4001 X
274 3965 302 4010 Π,
318 3950 372 3998 hoe
380 3957 427 4010 est,
439 3950 533 4000 denarii
547 3950 605 3998 duo.
624 3949 691 3999 Gud.
703 3952 772 4001 Meu.
785 3951 866 4001 Aeud.
876 3948 977 4013 pretium
990 3947 1075 4011 optime
1086 3947 1151 4000 XII
1157 3948 1181 3998 d.
1243 4015 1252 4032 δ

152 4031 206 4095 [la
223 4031 267 4094 36]
296 4032 404 4082 Pretium
421 4033 507 4096 optimo
523 4033 548 4081 iu
565 4031 645 4096 pondo
664 4049 707 4082 sea
721 4033 767 4096 X]
797 4035 860 4095 Quis
880 4033 977 4093 iecerit,
993 4048 1100 4095 quaero:
1122 4035 1167 4084 sed
1183 4025 1233 4083 no'u

116 4118 261 4179 malefecit,
274 4117 294 4168 si
306 4119 371 4168 bene
383 4117 545 4179 intelligatur.
566 4119 632 4168 Nam
644 4121 762 4169 Andreas
778 4121 881 4168 dederat
891 4131 933 4164 sec
945 4106 1070 4166 latrorum:
1089 4124 1117 4166 nt
1128 4118 1235 4168 advocat

116 4202 238 4252 Budaeus
253 4202 295 4252 lib.
309 4209 333 4251 3.
350 4205 381 4252 de
397 4217 453 4252 asse
470 4209 607 4265 monetque
622 4203 649 4251 in
661 4203 723 4253 Mss.
737 4217 791 4253 esse
808 4202 832 4250 in
847 4198 926 4265 pondo
941 4197 1008 4252 ox]
1019 4199 1125 4250 denarii:
1143 4202 1233 4252 inuno
