2760 4734
468 311 573 355 uorsa
590 312 633 352 sn
648 311 731 354 amn.
746 312 851 352 xxxv.
1161 294 1218 357 101

96 473 174 514 ronta
198 464 228 514 Id
244 477 339 511 nomen
358 463 469 521 tabulae,
486 471 514 511 ιιι
529 462 700 526 Anadyomene
711 463 819 525 Apellis,
838 463 964 526 Antiphili
976 462 1151 533 Aposeopeuon,
1165 465 1222 515 Ari·

96 550 169 600 stidis
186 547 379 610 Anapauomene.
403 546 470 597 Satis
485 547 650 608 intelligitur,
670 562 728 595 cum
745 547 888 610 appellatur
905 543 1060 606 ποππύζων,
1080 557 1180 611 praesto
1196 551 1220 598 ei

97 648 192 696 equum
205 633 296 681 faisse:
308 639 367 680 sunt
378 631 445 680 enim
456 627 636 691 ποππόσματα
648 626 786 679 soluerint
799 627 842 687 εἰς
853 628 918 687 τοὺς
929 627 1104 690 dolando-rou<
1115 627 1220 690 ἵππους,

96 726 127 766 ιιι
141 718 342 779 interpretantur
355 715 453 766 Graeci.
477 717 576 764 Deinde
594 717 673 765 scribe
691 729 705 764 e
721 716 832 778 vestigiis
845 717 906 764 Mes.
919 713 1032 764 Retinent
1042 714 1118 764 Parii
1132 731 1222 779 equum.

97 801 174 862 Quod
191 810 230 849 est
247 814 382 863 personam
398 796 583 855 ποππύζοντος
598 801 701 863 periisse
718 800 805 848 nescio
825 814 875 862 quo
887 814 961 860 casu,
981 807 1223 863 campanumque

96 900 177 948 equas
190 893 245 933 erat
254 885 345 947 pictus,
356 897 487 946 superesse
499 885 567 946 apud
578 885 650 933 istos.
667 884 744 944 Parii,
756 899 769 933 e
781 885 880 933 colonia
889 885 973 934 Pario.
983 884 1027 933 lib.
1034 890 1074 943 34,
1083 891 1097 934 8
1105 881 1158 945 [19,
1167 881 1222 946 78];

96 967 129 1017 In
145 967 224 1018 Pario
240 958 333 1016 colonia
350 966 464 1015 laudatur
478 966 594 1017 Hercules
610 965 707 1016 Isidori.
730 969 774 1018 lib.
787 974 827 1028 36,
843 973 856 1015 5
871 966 907 1030 [4,
921 966 978 1029 23]:
996 966 1109 1016 Eiusdem
1126 975 1148 1015 et
1163 966 1224 1015 alter

97 1050 175 1100 nudus
189 1051 215 1100 in
230 1050 308 1100 Pario
324 1049 417 1099 colonia
433 1050 596 1114 Propontidis,
612 1068 661 1113 par
680 1051 766 1102 Veneri
783 1048 889 1100 Gnidiae.
912 1052 1058 1115 Stephanus
1076 1050 1147 1115 [pag.
1166 1057 1222 1103 505.

97 1131 241 1196 Meinek.]:
259 1128 373 1198 Πάριον,
390 1131 468 1191 πόλις
482 1133 512 1183 ἐν
527 1127 714 1203 Ἑλλησπόντῳ
731 1131 863 1202 κληθεῖσα
876 1133 929 1183 ἀπὸ
943 1130 1047 1199 Παρίου
1060 1135 1108 1183 τοῦ
1119 1126 1222 1183 Ἰασίω-

98 1234 154 1277 νος.
178 1215 208 1268 τὸ
227 1215 336 1267 edorres
359 1213 474 1281 Πάριος·
503 1217 518 1266 d
539 1215 652 1286 πολίτης
671 1214 814 1284 Παριανός.
844 1215 976 1284 nervosae
998 1216 1042 1268 rol
1065 1213 1222 1284 llaprareic.

97 1304 193 1353 Noster
208 1303 258 1352 hoc
275 1304 341 1352 libro
358 1316 413 1366 cap.
428 1309 456 1352 ll
477 1300 619 1364 [39,122]=
638 1302 767 1368 Polypnoti
783 1311 806 1351 et
823 1303 955 1353 Nicanoris
971 1312 994 1350 et
1004 1302 1125 1352 Arcesilai
1136 1303 1224 1352 Pario·

98 1402 160 1436 rum·
183 1387 301 1448 Denique
317 1388 385 1449 lege:
403 1386 445 1435 Ita
461 1387 605 1451 Pnotopenes
620 1388 759 1436 monstrauit
775 1395 798 1435 et
806 1389 941 1450 fortunam,
961 1403 1039 1450 quum
1056 1389 1100 1436 alii
1116 1389 1224 1437 artifices

99 1480 127 1521 et
144 1475 260 1522 doctores
276 1473 454 1521 tantummodo
471 1481 550 1520 artem
567 1481 714 1521 monstrent
736 1473 848 1522 Praeivit
864 1473 982 1521 nimirum
994 1472 1083 1522 Nealci
1095 1475 1127 1522 ad
1140 1473 1223 1535 expri-

100 1557 224 1604 mendum
243 1555 348 1605 fortuito
370 1557 488 1605 coniectu
508 1557 608 1615 coloris,
628 1557 698 1619 quod
719 1573 759 1606 ars
780 1572 807 1606 se
828 1572 903 1620 posse
924 1559 1043 1621 perficere
1064 1557 1224 1621 desperabat

101 1639 212 1690 Omnem
229 1639 313 1688 locum
332 1653 365 1689 ex
383 1641 481 1704 optimo
499 1641 534 1690 sic
550 1641 619 1703 lege:
638 1640 692 1689 Hoc
708 1640 812 1704 exemplo
829 1641 878 1689 eins
894 1639 978 1689 similis
989 1639 1094 1691 Nealcen
1106 1656 1225 1688 suesanus

100 1722 127 1770 in
142 1738 227 1785 spunm
242 1723 298 1786 equi
310 1722 421 1784 similiter,
433 1724 535 1788 sponpia
551 1724 656 1787 impacta
672 1732 764 1772 secutus
775 1723 869 1784 dicitur,
882 1741 931 1773 cum
942 1725 1050 1788 pinperet
1061 1724 1223 1787 Poppyzonta.

86 1805 216 1862 ,Rectam
225 1806 301 1855 Parii
311 1823 400 1870 equum.
418 1807 459 1855 Ita
471 1808 617 1870 Protopenes
628 1809 768 1856 monstravit
779 1817 801 1854 et
805 1811 939 1870 fortunam.

53 1879 66 1904 λ
138 1887 192 1952 [86,
211 1889 270 1952 loe]
298 1890 333 1939 Et
353 1890 465 1939 athletam
486 1900 510 1939 et
525 1892 669 1955 Antiponum
691 1907 767 1955 repem
788 1899 811 1938 et
830 1890 954 1954 irnapinem
973 1890 1061 1938 matris
1075 1888 1222 1951 Aristotelis]

103 1975 172 2035 Quia
188 1989 279 2024 omnes
294 1975 360 2024 eliae
377 1962 460 2024 certae
476 1983 536 2024 sunt
552 1984 577 2023 et
589 1981 666 2023 notae
678 1989 809 2037 personae,
821 1972 929 2021 Alaetom
948 1974 1034 2022 malim
1047 1975 1138 2036 legere,
1151 1976 1222 2023 illum

100 2059 238 2108 Perdiccae
254 2059 366 2108 fratrem.
388 2061 455 2108 Dein
472 2060 546 2107 Voss.
563 2067 586 2106 et
601 2057 745 2121 Antipatrum
763 2073 840 2121 repam
858 2065 881 2105 et
892 2066 989 2106 matrem
1002 2056 1137 2106 Aristotelis
1146 2056 1223 2120 plib-

100 2142 176 2206 sopbi,
197 2143 240 2205 qui
258 2144 282 2191 ei
295 2141 419 2203 madebat,
440 2150 466 2191 ut
481 2140 618 2190 Alexandri
634 2141 724 2205 Mopni
739 2157 812 2204 opera
826 2141 936 2205 pinperet
949 2149 1046 2204 propter
1062 2142 1223 2189 aeternitatem

101 2243 186 2276 sunm.
205 2227 260 2277 Neo
271 2227 344 2276 video
357 2242 468 2288 cansam,
481 2242 526 2276 cur
537 2228 568 2275 ab
582 2229 631 2275 hac
643 2226 752 2275 lectione
765 2227 930 2276 discesserint.

138 2309 191 2374 [36,
206 2309 265 2372 108]
288 2310 355 2368 Quae
368 2310 449 2359 tabula
460 2311 486 2360 in
500 2308 616 2373 Capitolio
628 2309 652 2358 in
664 2309 790 2359 Mineruae
803 2308 896 2359 delubro
908 2327 983 2374 supra
995 2308 1125 2358 aediculam
1139 2307 1223 2356 Iuven-

103 2392 171 2456 tutis]
193 2397 270 2445 Voss.
283 2395 350 2446 Gud.
362 2398 430 2446 Men
443 2397 524 2444 Acad.
542 2410 603 2456 quae
620 2393 702 2441 tabula
710 2394 766 2456 suit
782 2393 806 2442 in
819 2392 936 2456 capitolio.
958 2395 1023 2444 Dein
1037 2394 1106 2441 Mcn.
1119 2391 1186 2441 Gud.
1199 2399 1225 2439 et

100 2481 186 2529 Acad.
204 2495 279 2542 supra
294 2479 408 2528 edicularn
425 2478 542 2528 mentoris
565 2478 642 2528 Voss.
660 2477 792 2526 aediculam
810 2477 929 2527 inentalis.
956 2479 1067 2528 Pintiani
1084 2473 1222 2524 minemalis.

99 2565 174 2626 Lege
187 2561 318 2611 aediculam
329 2561 466 2612 quentatis
484 2564 650 2612 Restitaimus
664 2572 690 2612 et
700 2564 773 2612 Livio
788 2561 841 2625 [3d,
854 2570 895 2623 36,
909 2562 945 2626 5].

139 2645 194 2708 [36,
213 2644 273 2708 111]
298 2645 414 2696 Aristides
438 2647 547 2697 Tbebam'
565 2645 679 2710 discipuli
689 2647 792 2710 suerunt
807 2655 831 2696 et
843 2646 899 2710 filii
916 2647 1017 2698 Niceros
1032 2655 1055 2694 et
1070 2642 1222 2708 Aristippus]

102 2734 180 2782 Voss.
192 2729 311 2779 An'stides
326 2730 441 2781 Haboni.
460 2733 550 2782 dende
566 2731 673 2782 Ariston.
691 2733 755 2781 Mox
773 2730 885 2796 discipuli
895 2731 1023 2781 Antorides
1035 2740 1057 2780 et
1068 2729 1223 2794 Euphranor,

103 2818 157 2866 sine
172 2814 231 2871 τοῖς
246 2815 295 2863 eius
303 2816 413 2877 suerunt.
436 2817 521 2877 Recte,
539 2818 560 2866 si
577 2818 699 2876 attendas,
716 2829 760 2866 snt
777 2833 828 2866 non
840 2828 941 2867 temere.
964 2818 1004 2866 Ite
1016 2818 1082 2866 enirn
1096 2815 1224 2878 scripsisse

103 2900 204 2949 Plinius
219 2901 328 2949 videtur:
347 2898 471 2948 Arestidae
487 2899 597 2949 Thebani
610 2899 724 2964 discipuli
730 2902 835 2964 fuerunt
845 2901 946 2952 Niceros
959 2908 982 2947 et
993 2899 1099 2957 Ariston,
1112 2898 1178 2945 cuius
1190 2904 1225 2944 est
1236 2901 1284 2945 837

103 2982 207 3047 Sanus
224 2999 275 3031 cum
292 2982 380 3047 sappiro
396 2993 535 3043 coronatus,·
553 2983 665 3047 discipuli
679 2983 808 3032 Antorides
824 2993 846 3031 et
862 2983 1016 3047 Euphranor,
1034 2980 1063 3029 de
1075 2979 1159 3043 quibus
1170 2995 1223 3027 mor

104 3066 211 3116 dicemus.
235 3068 367 3129 Significat
381 3067 450 3116 illins
462 3069 580 3118 Thebani
597 3079 622 3118 et
638 3068 776 3132 discipulos
788 3079 813 3117 et
825 3069 890 3118 filios
902 3067 979 3117 inisse
995 3068 1065 3125 istos,
1084 3063 1223 3127 discipulos

104 3158 211 3211 mutam,
224 3165 278 3200 non
290 3149 367 3198 etiarn
379 3150 452 3211 filios,
464 3150 528 3202 alios
540 3167 606 3215 quos
617 3152 736 3215 appellat.

139 3233 191 3297 [db,
206 3232 267 3295 114]
285 3231 352 3283 Idem
365 3233 441 3282 iocoso
453 3235 544 3283 nornine
559 3235 667 3300 Gryllum
680 3234 777 3285 ridiculi
788 3234 882 3282 babitus
890 3231 982 3297 pinsit]
1002 3234 1076 3283 Voss.
1094 3231 1222 3282 diridiculi.

102 3319 173 3382 Lege
190 3316 322 3378 deridiculi,
339 3327 367 3367 ut
379 3319 461 3367 codex
473 3320 592 3369 Pintiani.
611 3321 647 3370 Ut
658 3321 764 3370 Plautus
777 3318 907 3381 Amphitr.
920 3325 943 3378 2,
957 3324 971 3367 2
985 3314 1055 3380 [ts]:
1074 3316 1132 3380 quid
1148 3326 1171 3366 tu
1188 3333 1223 3364 me

103 3401 229 3452 deridiculi
242 3401 327 3469 pratea
343 3403 377 3450 sic
392 3401 502 3451 salutas?
524 3406 609 3453 Milite
626 3411 649 3464 ι,
665 3411 676 3454 1
697 3402 719 3465 [1
727 3411 750 3453 4.
767 3420 803 3452 vs.
822 3408 862 3451 92.
879 3401 1027 3464 Ritschel.]:
1050 3400 1077 3450 Is
1094 3399 1223 3450 deridiculo

103 3495 145 3548 ιιι,
157 3503 254 3551 quaqua
265 3485 357 3547 incedit,
369 3488 481 3536 omnibus.
499 3490 592 3537 Pseud.
605 3494 628 3548 4,
643 3495 657 3537 5
671 3486 706 3549 [7.
724 3489 802 3552 Apud
813 3488 938 3538 Bitschel.
952 3495 974 3550 b,
989 3495 1010 3549 l,
1022 3493 1044 3538 7.
1056 3502 1119 3536 vers.
1134 3483 1222 3546 1058]:

103 3570 162 3620 mibi
176 3570 240 3620 illurn
258 3573 330 3620 umba
344 3570 553 3634 perderidiculum
571 3570 636 3620 dare.
660 3573 765 3621 Tacitus
781 3579 796 3621 3
816 3570 872 3634 [57]
892 3573 998 3622 Annei:
1016 3568 1156 3621 Deridiculo
1168 3568 1223 3630 suit

102 3655 335 3718 mnerfoedr'ssimae
346 3655 491 3704 adulationis
504 3664 592 3704 tontum
604 3656 628 3703 in
641 3655 706 3703 amia
718 3672 809 3705 usurus.

139 3738 192 3802 [³7,
207 3739 267 3802 117]
291 3740 391 3790 Nobiles
405 3739 511 3803 palustri
525 3756 620 3789 occasu
635 3738 719 3788 uillae:
736 3739 915 3790 succollantinru
931 3739 1006 3803 specio
1024 3737 1142 3800 mulieres]
1166 3738 1222 3786 Hoc

103 3826 136 3874 ab
147 3825 293 3884 Hermolao,
311 3841 368 3874 cum
386 3832 453 3875 esset
465 3824 572 3888 plaustri
585 3832 611 3874 et
625 3826 668 3873 sub
684 3823 776 3873 collium
792 3826 914 3889 sponsione
929 3821 1044 3872 mulieres.
1067 3824 1136 3872 Meu.
1155 3820 1221 3871 Gud.

101 3911 185 3959 Acad.
208 3909 295 3958 nobiles
316 3909 495 3974 tympanistriae
515 3908 618 3957 ancillae
633 3909 765 3958 succollatis
781 3910 904 3974 mansione
920 3907 1054 3956 mulieribus
1071 3906 1222 3968 &uanusque

102 3993 206 4057 crepidis
214 3996 338 4058 feruntur.
360 3995 435 4044 Voss.
452 3993 536 4042 nobilis
549 3992 670 4057 paulustri
680 4011 766 4043 acensu
777 3993 850 4043 uillae
861 3991 993 4041 succollatis
1003 3990 1126 4056 sponsione
1141 3989 1221 4040 mulie.

102 4077 168 4127 rebus
183 4077 290 4127 labantes
307 4077 450 4141 trepidisque
457 4078 580 4140 feruntur.
604 4080 714 4129 Pintiani
731 4092 840 4142 quoque,
858 4075 992 4125 succollatis
1008 4077 1129 4140 sponsione
1140 4073 1221 4122 mulie-

103 4161 176 4212 ribus.
194 4163 293 4213 Scribe:
307 4162 361 4211 Iam
371 4162 490 4226 piscames
501 4171 691 4226 aucupantesque
702 4171 863 4212 autumantes
873 4169 928 4210 sunt
938 4161 963 4210 in
976 4161 1025 4211 eius
1037 4143 1222 4224 mamanibus:

103 4246 189 4296 nobilis
200 4245 309 4312 palustri
324 4263 418 4296 occasu
436 4244 515 4307 uillae,
533 4245 667 4296 succollatis
677 4246 785 4311 personis
797 4244 955 4307 muliebribus,
973 4245 1080 4294 labantes
1093 4244 1222 4310 trepidique
