2760 4734
466 297 571 339 aaran
588 296 911 340 anu1na.xx1.xx11.
1208 279 1246 342 31

132 449 182 498 Th.
194 449 343 498 Reinesium
356 447 418 497 Var.
430 447 488 496 lect
501 451 526 507 a,
541 452 580 496 10.
597 455 623 496 et
638 448 711 510 epist.
724 452 765 496 ³1.
784 447 816 495 atl
828 445 903 510 Onsp.
915 445 1099 508 Holmsunurn,
1116 448 1181 510 Aeg.
1194 449 1249 498 Me·

131 533 234 594 ungium
250 533 276 579 in
288 529 491 592 exquisitissimis
504 529 656 591 Originibus,
674 530 717 593 qui
734 530 781 578 viri
798 529 1004 592 praestantissimi
1021 544 1109 580 omnes
1125 537 1151 580 et
1166 532 1248 581 multo

130 616 221 678 pluras,
240 629 318 677 quum
334 612 430 675 aliquid
446 612 555 663 scribant
570 614 621 661 huc
637 611 712 662 facile
728 612 819 674 ferens,
836 626 890 662 nou
906 618 966 662 sunt
983 614 1037 663 ausi
1054 621 1140 664 tamen
1157 616 1248 673 dicere,

131 698 301 761 quadrarum
322 703 398 759 puto,
418 693 547 744 scarlatun
567 710 601 745 cx
619 693 732 746 Galan'oo
753 710 807 746 esse
826 696 935 757 flexum,
962 697 1007 744 sed
1027 711 1061 746 ex
1080 711 1133 746 una
1151 697 1249 760 vulgari

130 781 216 843 lingua
232 782 259 829 in
276 780 381 829 alteram
401 779 427 826 id
444 776 611 838 transierunt,
633 792 712 840 quum
733 792 821 828 ornnes
841 779 958 841 vulgares
978 780 1121 842 acceperint
1136 794 1150 830 a
1165 782 1248 831 Latio.

130 865 256 914 Nimirum
274 863 320 912 etsi
338 862 402 912 haec
420 875 499 924 grana
514 874 567 910 non
584 876 636 910 uno
655 862 702 911 sub
719 863 794 910 coelo
814 863 984 925 provenirent,
1004 862 1145 924 praevaluit
1165 870 1250 914 mmsn

134 946 258 998 Galaticus
273 960 364 1004 coccus,
386 951 411 994 et
431 946 530 1009 saepius
548 945 700 1007 appellatur.
726 945 826 995 Plinius
842 945 887 994 lib.
906 950 929 1006 9,
942 949 971 993 41
994 942 1046 1006 [ba
1061 942 1133 1007 ltl]r
1153 940 1249 994 German

134 1030 248 1081 Galatiae
268 1029 352 1077 rubens
370 1043 472 1090 pronum
493 1034 535 1075 aut
554 1027 620 1075 cirea
636 1026 772 1076 Emeritam
788 1027 933 1077 Lusitaniae
952 1027 978 1076 in
998 1028 1104 1076 murima
1120 1024 1191 1088 hade
1207 1036 1248 1079 cst.

131 1115 199 1162 idem
211 1114 254 1162 lib.
270 1117 308 1172 16,
320 1105 334 1162 Β
346 1109 399 1172 [la
411 1108 469 1171 32]:
484 1108 569 1160 Omnes
581 1116 658 1158 tamon
670 1109 721 1159 eius
732 1108 797 1159 dotes
808 1109 856 1160 ilex
866 1110 916 1160 solo
926 1118 1041 1174 prouocat
1052 1126 1125 1160 cocco.
1141 1110 1249 1162 Granum

130 1196 172 1245 boc
184 1197 310 1259 primoque
325 1210 366 1244 ceu
381 1192 473 1242 scabies
481 1192 584 1257 fruticis
597 1209 690 1256 paruae
702 1191 833 1258 aqup'oliue
844 1192 920 1244 ilicis:
937 1192 1067 1243 cusculeurn
1079 1203 1176 1246 uocant:
1190 1211 1248 1259 pen-
1295 1207 1299 1216 ·

129 1279 216 1327 sionem
228 1278 328 1327 alteram
346 1276 429 1325 tributi
442 1275 587 1340 pauperibus
598 1276 722 1340 Hispania
734 1275 821 1328 donat:
835 1276 943 1342 pipnitar
954 1285 976 1326 et
987 1262 1017 1326 in
1027 1277 1136 1339 Galatia,
1152 1278 1248 1342 Africa,

128 1360 235 1422 Pisidia,
251 1359 342 1410 Cilicia.
360 1363 412 1411 Ubi
424 1361 477 1424 Sig.
488 1360 609 1411 Gelenius
621 1361 695 1424 quasi
707 1375 740 1410 ex
752 1359 880 1410 cusmliato
891 1360 1020 1410 scarlatum
1032 1361 1128 1412 fastum
1140 1364 1248 1413 malicia

129 1446 306 1496 Tertullianus
318 1447 349 1494 ds
360 1445 443 1508 pallio
455 1458 511 1507 cap.
524 1450 547 1493 4.
565 1440 658 1492 latiens
666 1456 789 1508 purpurae
800 1443 899 1493 ambitio
910 1452 933 1492 et
946 1443 1056 1495 Gulatr'ci
1064 1445 1156 1494 ruboris
1166 1461 1248 1510 super.

128 1528 203 1578 iectio.
226 1528 396 1590 Symmachus
412 1527 456 1576 lib.
469 1533 492 1577 t.
510 1540 549 1590 sp.
562 1532 603 1576 ab.
621 1525 685 1589 quod
700 1525 897 1576 remunerandum
913 1540 951 1576 me
967 1527 997 1577 sle
1011 1527 1112 1580 Golatr‘cs
1119 1527 1247 1592 pollicerr's.

128 1613 178 1662 Ubi
198 1617 297 1660 aestuat
313 1610 425 1670 Iuratus,
448 1617 474 1659 et
492 1610 656 1673 depravatum
671 1610 758 1660 locum
773 1617 861 1665 censet
881 1612 1015 1675 signatque
1031 1613 1162 1663 asterisco.
1188 1612 1250 1662 Non

129 1696 196 1744 enim
212 1696 308 1743 viderat
323 1693 496 1742 Marinianum
516 1692 551 1742 ob
572 1693 684 1742 subitum
703 1693 756 1743 iter
771 1695 857 1744 hieme
873 1695 934 1744 anui
950 1710 967 1743 a
983 1689 1140 1758 Symmacho
1156 1698 1249 1760 petisse

129 1787 210 1829 vestes
226 1779 333 1842 pingues
349 1785 376 1828 et
392 1776 481 1840 frigori
491 1764 739 1839 pellendb‘idonaas,
755 1791 813 1826 cnm
824 1778 1017 1840 pollicitatione,
1030 1793 1057 1828 ss
1067 1794 1115 1842 pro
1127 1781 1157 1830 iis
1170 1780 1246 1831 Gala·

129 1863 180 1912 tice
201 1874 279 1911 cocco
300 1862 392 1911 tinctas
414 1860 438 1909 si
451 1861 617 1910 redditurum.
637 1861 711 1911 Prius
731 1860 772 1910 his
792 1861 875 1910 verbis
892 1861 1040 1924 exponitur:
1065 1861 1175 1911 Amabili
1189 1863 1249 1911 enim

122 1946 221 2009 fiducia
237 1945 315 1994 usiam
329 1951 384 1993 tuoe
395 1942 538 2008 praebenda
553 1941 683 2005 mandasti,
701 1959 762 2006 quas
775 1943 938 2008 peregrinatio
954 1942 1053 1993 biberna
1064 1948 1183 2009 poscebat.
1206 1947 1249 1998 Sic

129 2030 196 2080 enim
208 2031 353 2093 legendnm,
370 2028 414 2078 ubi
425 2025 535 2089 Aufioni,
547 2026 658 2088 Ausioni,
669 2027 770 2089 Ausoni,
782 2026 904 2076 Ausoniae
915 2026 1035 2078 iecerunt
1057 2029 1096 2079 Ar
1106 2029 1184 2078 usioni
1195 2036 1250 2078 tuae

129 2123 175 2176 est,
187 2116 214 2163 in
231 2122 303 2163 tuum
319 2127 402 2163 nsum.
420 2111 552 2161 Arnobius
568 2110 611 2160 lib.
625 2114 639 2161 Ἰ
653 2109 708 2173 [aa.
719 2125 744 2174 p.
757 2116 816 2161 atta.
827 2111 942 2173 Harald,
954 2127 979 2175 p.
995 2115 1052 2162 tta.
1069 2111 1190 2175 Hildebr,
1206 2117 1249 2178 qui

130 2199 286 2249 Gronovium
303 2194 356 2245 noir
371 2202 563 2256 commemorat,
579 2194 633 2247 eius
649 2195 828 2244 emendations
843 2200 930 2245 minen
941 2194 1020 2243 allata
1030 2193 1117 2245 locum
1128 2211 1181 2245 uon
1193 2212 1249 2260 per-

129 2288 247 2332 sanatum
263 2277 365 2341 habet]:
391 2274 476 2327 Colunt
492 2276 552 2326 enim
564 2275 606 2326 >otti
620 2276 701 2326 uineas
717 2285 740 2326 et
755 2275 790 2326 od
804 2293 861 2326 suas
877 2254 970 2326 ousia
981 2278 1107 2327 contractis
1117 2281 1251 2343 exprimunt

128 2363 335 2413 vindemiatoribus
349 2363 435 2412 umam
461 2361 512 2412 Ubi
532 2362 607 2413 etism
628 2368 742 2412 monstra
762 2369 834 2412 erant
854 2362 923 2411 olim
949 2359 1095 2410 Praebenda
1110 2363 1156 2413 ills
1170 2366 1249 2428 paulo

129 2457 188 2513 post
207 2449 268 2498 dicit
286 2454 360 2496 vestes
380 2453 406 2496 st
421 2443 566 2494 indumenta.
592 2446 723 2496 Posterius
737 2447 807 2508 istis,
828 2460 893 2509 quae
909 2447 961 2495 iarn
977 2446 1123 2509 posuimus,
1143 2463 1248 2497 remune-

129 2531 231 2581 randum
247 2530 276 2580 otc
290 2528 401 2591 Galatia,
418 2529 462 2579 ubi
476 2527 599 2599 Galaetia,
621 2528 743 2591 Gallesion,
759 2528 865 2578 audacio
882 2531 1002 2593 fingendo
1019 2530 1116 2580 bonum
1133 2533 1249 2583 Iuratum

129 2618 226 2666 irritum
238 2616 389 2665 habuerunt.
407 2614 575 2677 Praecipuum
586 2614 663 2675 igitur
674 2627 768 2663 nomen
780 2615 850 2663 cocci
859 2613 968 2664 Galatici
978 2611 1085 2662 scarlato
1096 2616 1249 2680 appellando

129 2700 230 2750 occasio
246 2699 303 2750 tuit.
325 2696 382 2748 Nec
397 2698 507 2747 mutatio
521 2699 548 2747 in
559 2697 638 2748 literis
650 2697 717 2747 facts
728 2698 826 2748 homini
837 2699 864 2747 in
877 2698 1016 2761 originibus
1027 2699 1131 2762 liugane
1141 2700 1249 2752 Latinae

129 2784 287 2833 mediocriter
302 2791 402 2832 venato
422 2783 487 2831 mira
505 2789 591 2845 potest
605 2783 692 2832 rideri.
715 2794 776 2832 nam
792 2778 823 2831 τὸ
841 2775 864 2830 Σ
879 2783 966 2833 multis
983 2784 1115 2834 vocabulis
1131 2785 1158 2834 in
1175 2785 1249 2834 initio

128 2866 304 2931 praeposuisse
315 2867 388 2926 alios,
405 2865 470 2915 alios
482 2866 619 2916 reseculsss
635 2867 734 2917 notarit
745 2867 807 2916 olim
819 2867 936 2928 Angelus
948 2867 1081 2917 Caninius:
1103 2867 1140 2918 sic
1150 2863 1247 2932 γρύτη,

128 2947 242 3016 oppius-q,
260 2957 352 2999 cauta:
378 2950 415 2999 sic
435 2945 557 3009 cocidere,
579 2947 710 3013 acbouser,
732 2951 804 3012 quasi
820 2964 853 2998 ex
869 2947 983 2998 calidare.
1008 2949 1057 2998 Sed
1073 2956 1100 2998 et
1118 2947 1153 3011 G,
1172 2963 1248 3012 quam

128 3034 205 3083 facile
221 3034 313 3095 migret
327 3029 394 3094 inO,
411 3033 539 3082 neminem
554 3033 681 3096 praeterit
704 3032 802 3083 Canius
818 3039 904 3081 autem
920 3032 994 3080 litera
1011 3039 1040 3080 ut
1050 3032 1161 3094 gaudeat
1172 3033 1248 3080 inter·

127 3117 199 3181 poni,
216 3130 250 3165 cx
266 3112 374 3177 στύπος,
390 3115 478 3179 οὶίφες
499 3108 649 3177 ἄφλαστον,
667 3113 786 3178 aplustre;
805 3109 856 3173 aa,
874 3110 943 3169 πέζα
960 3110 1078 3173 ἱματίου,
1097 3129 1154 3176 oro,·
1172 3110 1246 3176 νοός,

128 3215 216 3260 nurus,·
238 3195 413 3262 φραγέλλιον,
428 3196 568 3262 stupebam,
582 3196 670 3261 perdia
682 3195 793 3261 perdrix,
810 3195 954 3245 Londinium
971 3194 1081 3244 Londres
1097 3203 1122 3246 et
1138 3197 1248 3258 Londra,

129 3283 242 3332 diaconus
257 3281 351 3343 dr'ocm,
372 3281 497 3331 thesaurus
512 3289 593 3344 besor,
614 3290 640 3333 et
659 3282 769 3346 plurima
789 3281 851 3331 talia
867 3282 1011 3331 ostendunt.
1038 3280 1090 3332 Sed
1107 3292 1132 3332 et
1148 3283 1248 3347 syllaba
1263 3281 1311 3329 784

128 3369 217 3430 aliqua
227 3382 316 3417 vocem
327 3366 451 3416 mulctare
463 3374 507 3416 aut
518 3367 667 3416 conashere
678 3367 802 3416 barbarici
814 3366 865 3416 oris
877 3367 1008 3429 proprium
1020 3372 1066 3416 est.

164 3449 200 3512 [8,
213 3449 241 3513 4]
267 3449 319 3508 Quo
327 3450 404 3514 frupi
417 3449 515 3499 mundos
531 3448 652 3514 eamlprm]
678 3451 785 3501 Mirifice
801 3459 907 3500 vexatus
924 3451 1011 3512 locus,
1033 3466 1108 3514 quem
1126 3461 1207 3503 tentat
1223 3461 1248 3502 st

127 3536 266 3587 Salmasius
278 3536 311 3584 ad
323 3535 441 3586 Solinum
451 3548 476 3598 p.
491 3539 564 3586 11⁴7.
581 3535 722 3596 Pintiauus,
739 3535 818 3599 carpit
825 3534 931 3599 fraqam,
946 3550 994 3597 quo
1006 3534 1105 3583 mundus
1115 3536 1167 3584 sins
1177 3535 1248 3599 culpsa
1326 3563 1328 3567 ι

127 3634 174 3666 non
189 3618 257 3666 absit.
283 3617 363 3682 must
376 3615 473 3666 mundos
490 3619 522 3668 ab
537 3619 676 3669 Hermolao
693 3627 742 3669 est:
765 3619 815 3668 Ha
831 3617 924 3681 alioqui
931 3617 1083 3682 fulpastibas
1098 3632 1115 3666 a
1130 3618 1246 3668 Gelenio.

127 3701 178 3750 Ms.
195 3703 277 3751 Acad.
294 3717 340 3764 quo
352 3703 452 3766 frupetn
469 3701 553 3752 adoret
569 3701 668 3766 caluam
683 3701 751 3750 ablui
766 3718 809 3750 mu
825 3701 917 3765 alioqui
925 3694 1079 3764 sulpentr'us,
1094 3702 1247 3752 Vossianusr

127 3801 173 3848 quo
181 3786 258 3850 srupe
273 3783 341 3834 modo
356 3784 400 3834 sed
413 3785 485 3849 culpa
500 3802 545 3834 non
561 3785 628 3834 ablui
642 3801 686 3834 usu
697 3784 787 3849 alioqui
792 3785 933 3849 firlqcntr'us.
957 3783 1121 3846 Suspicabar:
1139 3783 1213 3834 Stans
1225 3794 1247 3834 et

127 3869 152 3916 in
168 3869 229 3917 sicco
245 3869 331 3932 carpit,
348 3885 394 3932 quo
402 3871 491 3934 smper
507 3869 587 3918 modo:
608 3867 652 3917 sed
666 3868 737 3933 culpa
751 3885 797 3918 non
809 3867 929 3932 placuisse
939 3866 1005 3916 usui:
1022 3865 1246 3931 abequifrupalius

126 3952 216 4001 instrui
223 3961 320 4016 poterut
331 3952 434 4015 luxuria,
446 3961 507 4002 certe
519 3952 670 4003 innocentius.
688 3952 773 4014 Stans,
785 3954 876 4016 inquit,
890 3966 944 4001 non
954 3958 1053 4012 natans,
1064 3952 1141 4015 inque
1152 3952 1244 4013 solido,

126 4045 156 4085 ut
172 4037 260 4100 fruges
277 4040 389 4099 demeat,
405 4040 441 4087 ita
457 4039 537 4101 carpit
552 4039 652 4099 herbas,
670 4039 761 4101 quibus
776 4038 855 4100 Tyria
870 4043 947 4097 atque
963 4034 1097 4099 conchylia
1108 4050 1244 4099 omnesque

126 4121 193 4170 alios
211 4123 309 4173 colores
325 4124 414 4186 tingat.
436 4121 490 4171 Nec
507 4123 642 4185 quicquam
657 4124 729 4173 abest
740 4128 838 4186 praeter
847 4121 974 4170 instesum
984 4134 1067 4180 usum,
1080 4134 1156 4182 quem
1167 4134 1245 4182 penes

126 4205 259 4255 arbitrium
279 4215 318 4256 est
338 4215 363 4256 et
382 4222 473 4257 norma
494 4207 569 4256 etiam
589 4206 704 4258 restium.
730 4206 837 4269 Absque
858 4221 907 4269 quo
928 4203 1006 4264 foret,
1027 4205 1123 4254 minore
1142 4213 1245 4268 sumptu
