2760 4734
481 267 586 308 10111
602 268 645 306 nn
661 266 743 307 111111.
759 265 815 306 xx.
831 265 900 305 xxr.
1214 244 1253 304 tl

169 416 231 480 [lb]
251 417 308 469 Siue
320 417 425 481 privatis
440 432 550 480 cenerum
560 412 689 477 funiculis]
709 415 754 464 Bis
766 416 874 464 tentavit
890 414 958 462 hunc
970 415 1055 462 locum
1071 415 1209 464 Salmasius
1223 417 1255 464 ad

134 503 262 554 Solinum:
278 516 338 566 pag.
351 505 409 551 371.
421 502 503 549 reddit
514 500 563 547 siue
579 497 670 561 privati
679 498 772 561 pencris
780 495 909 561 funiculis:
925 513 983 561 pag.
999 502 1070 548 1068.
1083 497 1132 545 sive
1141 514 1187 560 pro
1200 499 1250 544 bre-

133 586 205 635 vitate
224 586 317 649 pencris
332 582 464 648 funiculis:
486 585 556 646 quod
574 584 606 632 sit
624 583 650 630 in
669 582 793 630 Tbnaneo
808 581 900 644 priuati
914 580 1013 644 poneris.
1035 581 1121 631 Nostri
1139 582 1251 644 quinque

135 685 250 732 penarum,
267 669 309 717 sed
327 664 440 727 ἀμύμων
459 666 502 716 ille
516 666 615 730 priuati.
635 666 701 714 Vide
718 680 751 714 an
768 665 856 714 suerit:
874 663 923 712 sive
934 663 1023 715 alterni
1032 672 1103 727 atque
1114 662 1254 727 multiplices

134 754 229 801 interce
241 759 375 811 nectantur,
387 752 436 799 sive
445 751 568 814 privarunt
581 765 691 813 penarum
696 747 822 812 fasciculi,
835 747 860 796 in
872 750 957 808 orbem,
969 747 993 796 in
1006 747 1132 810 obliquum,
1144 749 1168 796 in
1180 748 1253 795 ambi·

135 842 188 882 tum.
206 836 273 883 Eam
285 836 352 884 enim
365 850 453 884 vocem
464 835 524 884 huic
536 836 570 884 rei
583 841 709 897 aptarunt.
728 832 819 882 Cicero
831 833 875 881 lib.
889 839 904 882 3
918 831 971 893 [18,
986 831 1029 893 43]
1044 833 1160 882 Tuscul.:
1171 832 1253 895 fasci-

133 917 208 966 cnlnm
224 917 260 966 ad
275 935 345 966 nares
362 917 504 967 admovebis.
523 919 698 967 Tertullianus
716 915 759 978 [de
776 932 825 966 cor.
840 922 862 965 5.
875 930 934 980 pag.
949 922 1005 966 529.
1020 915 1121 978 Oehl.]:
1137 914 1252 965 Coronam

133 1001 157 1048 ci
157 1003 226 1064 forte
230 1003 325 1065 fascem
338 1000 553 1063 existimosflornm
563 1017 608 1063 per
618 1000 701 1048 seriam
713 997 937 1062 comprehensorum.

167 1085 231 1136 GAP.
244 1086 278 1134 II.
293 1083 329 1146 [3,
343 1083 369 1146 4]
383 1083 461 1146 Atque
473 1083 498 1131 in
507 1083 594 1147 primis
605 1081 728 1146 appellata
740 1081 951 1145 Stepbanopdocos]
967 1084 1088 1133 Vossiani
1101 1094 1159 1145 tres,
1172 1086 1253 1134 Acad.

134 1171 200 1220 Gud.
214 1167 419 1232 Stepbancplocos.
432 1169 469 1217 Ut
481 1174 505 1216 et
518 1167 623 1216 Graecis
636 1160 868 1233 Στεφανηπλὸκος.
881 1168 924 1216 111).
939 1174 979 1226 85,
995 1175 1022 1217 11
1038 1166 1091 1229 [40,
1107 1167 1179 1230 125]ε
1192 1185 1254 1231 qnae

133 1268 145 1300 e
157 1252 305 1301 nobilissimis
316 1252 364 1300 eins
378 1249 459 1300 tabula
471 1248 593 1313 appellata
606 1248 810 1313 Stephaneplocos.
829 1250 871 1300 sie
883 1251 960 1300 iidem
971 1253 1033 1301 Mss.

168 1334 230 1397 [111]
249 1336 404 1398 Postquame
421 1333 512 1382 lamina
528 1349 600 1382 aerea
618 1331 692 1395 tenni]
711 1334 842 1398 Optimus,
865 1351 877 1383 e
895 1334 982 1384 lamna.
1004 1337 1141 1385 nonenim
1159 1334 1253 1396 lamma,

132 1422 203 1483 quod
216 1435 249 1468 ex
261 1421 386 1482 corruptis
397 1420 467 1468 libris
479 1419 606 1468 adamavit
618 1417 743 1467 Gifanins.
756 1418 799 1466 lib.
813 1424 852 1476 31,
875 1425 889 1468 6
904 1417 957 1480 [31,
971 1416 1030 1479 58]1
1048 1419 1160 1467 maaria
1171 1419 1253 1483 appel·

133 1503 205 1564 latur,
221 1503 287 1550 cuins
300 1501 394 1549 latonae
407 1500 519 1562 latitudo,
538 1508 584 1550 etc.
604 1501 655 1550 Ubi
672 1501 740 1550 male
757 1502 840 1550 codex
855 1503 981 1563 Pintiani,
998 1500 1095 1551 lumina.
1112 1501 1154 1552 lib.
1173 1507 1218 1562 38,
1238 1507 1251 1550 6

134 1586 187 1648 [30,
204 1585 248 1646 94]
278 1584 380 1634 01111110
391 1584 456 1632 aeris
468 1584 564 1645 11111111,
582 1583 675 1632 alumen
688 1583 779 1634 Iamna.
798 1586 918 1635 Eiusdem
936 1587 994 1635 libri
1010 1601 1064 1650 cap.
1084 1592 1096 1637 7
1115 1584 1171 1647 [40,
1192 1584 1251 1647 121]

126 1671 194 1734 ferri
205 1669 325 1717 candentis
346 1668 434 1718 lamna.
453 1683 507 1731 cap.
525 1674 539 1716 3
559 1667 611 1729 [46,
633 1666 692 1729 128]
705 1667 816 1716 Lontnas
827 1667 883 1717 duci
894 1669 1022 1732 etspecula
1031 1668 1101 1732 fieri.
1118 1670 1160 1718 lib.
1178 1676 1219 1728 et,
1236 1675 1250 1719 8

135 1753 186 1815 [20‚
200 1751 256 1814 9t]:
273 1749 425 1801 Coronarinm
439 1760 544 1799 tenuetur
555 1751 580 1798 in
592 1749 693 1800 lamnas.
706 1766 760 1816 cap.
776 1757 805 1801 18
820 1749 873 1813 [aa
893 1751 951 1814 166]
965 1752 1150 1817 adallipatisqne
1163 1752 1251 1801 lumbo-

133 1855 183 1886 rum
199 1845 221 1885 et
237 1836 325 1885 renium
343 1835 414 1900 parti
433 1833 705 1898 lamnissripidiort'bus.
730 1833 811 1896 [Silla
823 1834 957 1899 friqidiore
978 1834 1085 1897 nutura]
1108 1839 1149 1896 Et,
1170 1834 1251 1883 lomna

131 1922 219 1984 pectori
235 1920 352 1984 imposita.
374 1921 416 1980 Et,
433 1919 516 1969 Uritur
532 1927 608 1966 antem
627 1918 651 1967 in
665 1918 757 1982 patinis
770 1934 815 1982 per
832 1916 932 1967 lamnas
952 1919 994 1970 Sic
1007 1921 1123 1969 omnibus
1136 1921 1175 1970 his
1187 1922 1251 1970 locis

132 2007 281 2055 Vossianus.

166 2090 230 2139 One.
242 2089 291 2136 III.
305 2085 341 2149 [5,
355 2086 380 2149 7]
402 2087 501 2137 Virtutis
513 2102 568 2151 erpo
579 2085 698 2150 arquitur]
712 2088 899 2138 Vexatissimus
911 2089 990 2138 locus.
1008 2091 1083 2139 Voss.
1097 2093 1156 2151 duo,
1169 2090 1250 2139 Acad.

132 2184 158 2223 et
174 2175 239 2225 Gud.
259 2172 380 2220 virtutisne
395 2171 512 2234 arquitur.
531 2172 666 2220 Turnebus
685 2175 723 2230 18,
742 2177 782 2221 23.
794 2172 861 2220 Adv.
879 2173 906 2220 in
919 2173 1068 2234 quibusdam
1081 2174 1151 2223 libris
1163 2175 1199 2223 ait
1212 2189 1249 2223 re-

132 2258 216 2321 periri,
233 2256 353 2304 virtutisne
370 2271 426 2325 erpo
438 2252 555 2302 dividitur
570 2255 599 2315 ei,
617 2257 643 2302 in
656 2270 706 2317 quo
718 2255 818 2304 literam
835 2271 912 2304 unam
929 2264 1018 2317 mutat,
1035 2264 1063 2305 ut
1075 2258 1107 2306 sit
1125 2256 1250 2307 dividitor:

131 2344 172 2391 vel
188 2342 291 2389 coniicit
306 2338 394 2388 indita·
410 2339 439 2388 ei.
460 2339 576 2389 Gifanius
592 2339 745 2389 Lucretiauo
757 2338 844 2388 Indice
861 2341 887 2388 in
900 2337 1033 2401 1111111111,
1051 2338 1161 2388 arduitor
1173 2356 1216 2391 seu
1229 2341 1252 2390 ei

131 2424 250 2473 ardnctor.
269 2425 344 2484 Quod
362 2434 387 2473 et
402 2423 490 2486 Lipsio
507 2424 603 2486 placuit
620 2424 692 2486 epist.
710 2439 733 2486 q.
747 2428 771 2484 4,
789 2428 829 2474 27.
853 2423 995 2474 Vossianus
1012 2426 1109 2488 primus
1127 2424 1251 2473 virtutisne

132 2526 188 2573 erpo
205 2507 285 2556 dnitnr
301 2507 329 2554 ei.
349 2507 390 2556 Sic
406 2521 496 2556 manus
512 2508 688 2557 vetustissima.
707 2507 756 2558 Sed
774 2508 919 2557 sollicitavit
935 2523 992 2557 eam
1008 2510 1130 2572 posterior
1147 2517 1172 2559 et
1188 2508 1251 2558 exd

130 2594 191 2642 lecit
201 2609 225 2656 y,
241 2592 328 2640 relicta
345 2598 439 2651 tamen,
456 2599 485 2640 nt
501 2592 563 2640 11111
579 2598 705 2654 appareat,
722 2600 838 2640 exstante
854 2593 959 2654 virgula.
978 2593 1068 2655 Itaque
1086 2593 1178 2642 scribas
1191 2606 1248 2641 cen-

130 2691 188 2727 seo:
208 2675 257 2732 Qui
268 2691 376 2723 coronam
391 2675 459 2737 parit
469 2674 519 2738 ipse
528 2674 659 2738 pecuniave
677 2671 733 2735 eins,
750 2675 843 2723 virtutis
858 2691 915 2723 suae
931 2691 986 2739 erpo
1003 2675 1083 2725 duitor
1099 2676 1127 2725 ei,
1146 2677 1181 2726 Ut
1196 2676 1248 2726 fore

129 2762 262 2812 Pincianus
280 2767 305 2808 et
317 2759 455 2809 Salmasius
468 2761 499 2808 ad
513 2759 592 2810 Solin.
609 2775 633 2823 p.
649 2764 714 2818 122,
728 2761 818 2823 quibus
831 2761 881 2809 hoc
893 2761 1063 2810 testimonium
1077 2762 1248 2824 praebendum

130 2850 190 2893 crat.

165 2926 200 2988 [6,
215 2926 242 2989 8]
261 2925 399 2991 Appellavit
412 2928 515 2975 tribunos
523 2925 613 2990 plebis]
631 2929 707 2977 Voss.
716 2926 790 2989 plebi.
802 2935 830 2977 ut
841 2927 935 2988 Livius,
948 2929 990 2977 alii
1002 2930 1104 2991 passim.
1117 2928 1160 2976 lib.
1174 2935 1214 2989 28,
1233 2935 1247 2977 9

131 3010 183 3072 [11,
200 3010 258 3073 118]
277 3012 373 3061 1111111
385 3011 493 3059 tribanus
501 3010 583 3074 plebei,
597 3011 671 3061 Chifl.
685 3019 710 3060 et
721 3013 799 3061 Voss.
811 3012 886 3060 idem.

166 3093 201 3156 [9‚
221 3092 262 3155 13]
282 3095 321 3143 De
329 3093 433 3157 floribus
450 3103 518 3143 entra
534 3092 694 3158 supi-edictos]
712 3095 846 3143 Annotant
863 3096 890 3143 11
906 3093 1008 3144 Ohiflet.
1029 3108 1083 3145 esse
1094 3093 1247 3159 supradictis.

130 3180 229 3228 Vereor
240 3195 271 3228 ne
283 3179 441 3241 neglexerint
454 3182 586 3228 observare
602 3179 695 3228 ibidem
712 3178 799 3227 abesse
811 3175 842 3225 τὸ
862 3185 937 3226 entra
956 3177 1031 3228 Certe
1043 3179 1079 3228 sie
1095 3179 1246 3229 Vossianus:
1262 3187 1310 3234 776

129 3262 267 3325 defloribns
278 3259 436 3325 supradictis.
449 3264 551 3324 Andeg.
564 3261 593 3311 de
603 3260 694 3311 10111111
705 3260 856 3325 supradictis,
870 3265 913 3312 sed
924 3264 967 3324 ita,
984 3270 1013 3312 ut
1025 3278 1100 3325 super
1111 3260 1151 3327 τῷ
1157 3263 1248 3313 coronis

128 3348 235 3406 hebeat,
254 3347 294 3394 vel
303 3346 415 3408 floribus.
440 3346 587 3408 Legendum
606 3353 701 3396 autem:
719 3345 758 3394 De
766 3342 869 3408 sionibus
885 3361 959 3410 snpra
971 3343 1046 3395 dictos
1058 3347 1152 3412 saiptsit
1172 3347 1247 3398 Tbeo·

126 3428 266 3493 pbrastna*

163 3515 288 3564 (1111.
302 3513 354 3576 [10,
374 3513 418 3576 21]
436 3513 607 3563 ’111111111011
619 3513 720 3577 quoqne]
739 3514 868 3578 Optimus:
887 3513 1013 3564 tralatione
1029 3531 1126 3578 qnoque,
1144 3523 1172 3563 ut
1182 3517 1246 3573 vites,

128 3598 213 3661 optinte
225 3597 374 3660 ocissimeque
383 3601 497 3659 provenit.
516 3599 588 3648 Idem
601 3598 701 3648 Chiflet.
715 3607 740 3647 et
751 3598 884 3661 Andegav.
898 3598 1020 3662 flagitant,

163 3683 227 3733 011.
240 3684 273 3732 V.
288 3680 341 3744 [11,
354 3681 398 3744 24]
412 3681 442 3731 In
454 3681 583 3731 Antiochia
594 3689 616 3730 et
626 3680 751 3730 Laodicea
762 3681 860 3746 Syriae]
880 3684 998 3747 Optimus
1016 3681 1147 3730 Laudicea.
1166 3684 1200 3731 Et
1212 3685 1246 3731 sic

127 3768 265 3832 plurimum
280 3769 382 3816 locutos
399 3766 543 3815 Lautumiae
560 3767 628 3830 apud
644 3765 802 3827 Ciceronem,
818 3767 927 3827 Livium,
944 3769 980 3816 Μ.
999 3767 1131 3827 Senecam,
1149 3765 1246 3814 Laudi-

126 3851 193 3900 coeni
217 3853 284 3916 apud
305 3834 433 3914 Plinium,¹
456 3849 564 3900 Laudice
585 3859 610 3900 et
631 3849 769 3898 Laudamia
790 3853 857 3915 apud
877 3852 1016 3911 Iustinum,
1042 3850 1171 3914 multaque
1196 3853 1246 3900 alia

126 3938 309 3985 demonstrant.
329 3936 449 3986 Similiter
464 3937 506 3986 lib.
525 3942 564 3986 23.
577 3951 688 3998 prooem.
703 3942 725 3985 8.
738 3935 839 3984 macine
851 3935 915 3983 circa
926 3933 1067 3983 Antiochiae
1080 3942 1102 3982 et
1112 3933 1246 3984 Laodiciae

126 4027 222 4080 montes,
235 4020 302 4069 idem
315 4021 403 4070 codex.

163 4101 216 4164 [13,
234 4103 279 4166 26]
296 4104 432 4167 Merumque
449 4103 485 4152 ita
503 4103 562 4168 tinpi
577 4101 676 4168 aliquid,
696 4111 721 4151 nt
736 4111 852 4152 nascatur
868 4101 988 4165 irisectnm]
1008 4103 1126 4166 Optimus
1144 4104 1246 4166 ablegat

127 4184 158 4235 τὸ
173 4186 220 4236 ita:
232 4201 317 4251 neque
328 4189 404 4240 huius
417 4188 553 4253 particulae
566 4190 592 4238 in
605 4190 720 4241 oratione
732 4189 777 4238 1111
789 4188 857 4238 ullus
870 4203 928 4238 usus
941 4196 986 4238 ost.
