2760 4734
519 311 624 354 noran
640 311 683 352 aa
697 308 780 351 arare.
796 312 853 351 xx.
1203 286 1241 349 19

162 465 225 515 Car.
238 464 298 514 XX.
312 458 365 525 [81,
378 459 439 522 211]
457 459 551 508 Eadem
563 460 586 507 si
592 456 729 522 procident,
739 455 836 522 prodest
842 455 926 520 soliis]
946 457 1021 508 Voss.
1033 459 1134 508 unicus:
1150 459 1173 507 si
1186 474 1242 522 pro-

127 546 211 597 cedant
223 546 295 608 oculi,
308 545 377 612 foliis
394 544 454 592 tritis
466 559 516 592 cnm
529 542 742 606 cmticdmssabae.
760 543 814 591 sine
826 538 866 605 τῷ
873 539 976 605 prodest.
993 542 1147 605 Intelligitnr
1158 557 1191 592 ex
1203 559 1243 593 su·

127 633 279 696 purioribus,
298 628 431 693 imponitur.
449 627 501 679 Sed
510 625 641 690 procidant
651 625 768 690 praefero
779 627 812 674 ob
824 620 907 673 vulvas
915 623 1073 687 procidentes,
1087 635 1112 675 et
1120 625 1243 689 prociden-

128 715 185 765 tiam
198 714 254 774 alai,
267 721 293 764 et
303 712 380 761 sedem
389 709 540 776 prociduam:
553 724 618 773 quae
629 709 690 758 alibi
702 709 769 773 apud
781 715 896 758 nostrum
907 709 1025 772 reperies.

162 797 215 861 [83,
230 796 291 859 219]
310 794 422 859 Atripiea
437 801 460 842 et
473 792 579 843 siluestre
598 799 632 841 est
642 796 777 840 accmatum
788 807 805 840 a
816 790 970 856 Pythayara]
988 779 1127 844 Mavors.
1140 791 1246 851 siluestre

128 889 150 930 ei
161 888 295 930 accusatum
307 880 318 928 i
329 877 479 943 Pythaqara.
498 877 580 940 Super
591 871 622 924 τὸ
636 881 771 923 mentatum
783 886 873 924 manus
886 875 959 924 eliam
972 876 1077 938 antiqua
1092 877 1178 940 posuit
1188 877 1246 926 sati-

128 981 188 1014 vum.
207 965 282 1014 Unde
297 963 414 1013 nonnulli
434 961 542 1022 codices,
559 957 666 1008 silaesue
681 962 750 1006 estet
760 957 862 1006 sadunm
873 965 1017 1020 amnsatum,
1034 959 1247 1022 quemadmodum

128 1057 154 1099 et
165 1055 274 1111 quatuor
286 1047 330 1097 alii
340 1047 404 1096 Mas.
417 1051 442 1095 et
454 1059 487 1094 ex
498 1044 537 1094 Io.
556 1042 662 1093 Andrea
673 1043 771 1107 priscae
783 1043 913 1092 editiones.
933 1041 982 1092 Sed
994 1043 1092 1093 videtur
1102 1043 1200 1094 Plinius
1211 1042 1247 1094 le·

129 1134 203 1182 aisse:
219 1129 331 1195 Atn'plea
342 1137 365 1178 et
376 1126 480 1177 siluesne
493 1133 515 1176 et
526 1125 628 1175 sativum
640 1133 681 1176 est.
700 1124 862 1190 Pytheqoras,
881 1130 993 1188 ianquam
1002 1126 1099 1189 suamet
1110 1123 1249 1192 hydropicos

128 1218 263 1279 morbosque
275 1214 350 1278 reqios
362 1220 385 1261 et
391 1210 518 1276 pallorem
530 1216 745 1272 concoquentem
720 1206 745 1257 d
738 1207 867 1273 fficdlrme
879 1224 909 1258 ac
920 1216 948 1256 ne
960 1209 984 1258 in
996 1209 1069 1309 hortas
1080 1208 1194 1272 quidem¹
1182 1219 1249 1259 sunta

129 1299 157 1348 id
163 1299 236 1348 nasci
246 1299 378 1362 quicquam,
391 1295 438 1344 nisa
434 1291 594 1359 'lanyuidum
607 1287 719 1356 culpavit.

164 1382 218 1446 [aa
231 1381 292 1444 220]
316 1378 455 1431 Ὶνοᾶἱᾰοιίι
464 1377 537 1429 Solon
547 1374 704 1442 Smyrnaeus]
721 1376 821 1428 Voss
811 1374 925 1426 initalia
942 1390 1008 1427 nasci
1004 1375 1149 1428 indiderit
1159 1374 1186 1427 id
1193 1376 1250 1428 Sola

130 1467 282 1531 Smyrnaeus
300 1466 338 1514 Ut
349 1471 374 1513 et
385 1463 499 1527 sequenti
511 1476 566 1525 cap.
580 1468 695 1510 extremo
708 1458 762 1523 [en
774 1458 849 1522 235].
843 1459 956 1511 Adiecit
967 1459 1024 1512 Solo
1036 1445 1075 1523 (ne
1086 1459 1147 1525 qnid
1157 1460 1249 1510 omitta-
1265 1457 1312 1501 ⁷74

129 1549 190 1612 mus)
207 1546 351 1611 bulapathan
368 1545 460 1595 radicis
477 1548 565 1593 lantum
582 1542 708 1593 altitudine
719 1542 832 1606 differens
844 1552 867 1592 et
877 1552 936 1608 er'qa
947 1544 1103 1610 dysentericus
1107 1547 1198 1609 effectu
1207 1563 1250 1610 pa-

131 1636 177 1681 iam
195 1646 224 1681 es
239 1631 301 1680 vino.
320 1630 362 1680 sic
374 1638 400 1679 et
413 1628 588 1680 Ghifletianus.
601 1627 653 1678 Sed
665 1629 728 1678 ille
721 1643 823 1692 rnsuper
832 1635 898 1692 pata.
917 1628 1007 1693 Itaque
1018 1631 1190 1680 scribendum:
1208 1646 1249 1679 ra·

131 1714 191 1764 dicis
203 1721 292 1762 tanmm
304 1711 432 1762 altitudine
444 1710 558 1774 differens
569 1717 592 1759 et
603 1726 662 1775 erqa
673 1709 830 1776 dysentericus
841 1712 926 1776 effecta
935 1719 1007 1775 patae
1019 1728 1048 1762 ea
1059 1714 1121 1764 uino.
1139 1715 1250 1776 Pedieis,

129 1799 219 1860 inquit,
237 1798 369 1847 altitudine
392 1803 418 1846 et
434 1795 547 1846 eiusdem
564 1809 598 1844 ex
614 1795 672 1845 rino
689 1803 766 1858 potae
784 1795 884 1844 effectu.
903 1795 1024 1847 Gelenius
1036 1795 1140 1847 lecerat:
1157 1794 1253 1860 efficaci

131 1882 214 1946 effrem
227 1886 286 1945 patu
301 1896 330 1929 es
345 1879 407 1930 arno.
425 1878 467 1930 Sic
478 1878 522 1929 lib.
536 1883 577 1941 25,
594 1883 608 1926 8
623 1876 676 1940 [aa
689 1876 733 1939 80]
756 1876 873 1940 Thamna,
890 1885 920 1928 ut
936 1887 966 1929 et'
978 1878 1079 1930 Chiflet.
1092 1888 1118 1929 at
1128 1882 1250 1942 Pintiani,

131 1967 174 2029 qui
184 1967 247 2016 alias
263 1963 394 2014 Themison.
407 1963 540 2015 Gudianus
552 1964 688 2025 etMenap.
700 1961 768 2010 nasci
778 1957 928 2011 tradiderunt
936 1960 963 2011 id
970 1958 1019 2011 saio
1028 1966 1051 2012 et
1060 1962 1155 2014 minens.
1168 1964 1251 2013 Acad.

131 2050 199 2099 nasci
216 2047 365 2099 tradiderunt
379 2045 407 2096 id
420 2044 486 2095 solon
503 2053 526 2095 et
541 2044 638 2097 mineus.
656 2046 790 2108 Andagav.
803 2047 872 2096 nasci
883 2043 1008 2096 tradiderit
1020 2046 1047 2095 id
1057 2046 1131 2098 Salon
1143 2047 1251 2097 mirneus.

131 2136 222 2187 Altero
234 2134 293 2183 loco
306 2139 415 2196 quatuor
425 2131 592 2180 coniurarunt
601 2131 630 2178 ln
640 2128 732 2179 adiecto
743 2129 802 2182 sale.

166 2219 231 2271 Oen.
247 2215 322 2267 XXI.
342 2214 399 2277 [84,
418 2211 479 2277 227]
499 2212 644 2278 Adspersum
659 2211 761 2279 qenitali
775 2213 951 2278 foeminarum]
971 2214 1023 2265 Pro
1038 2214 1139 2278 qenitali
1158 2215 1254 2266 habent

131 2300 262 2352 curationis
279 2300 389 2362 quinque
406 2313 484 2348 manu
497 2306 617 2348 exaratae
629 2298 799 2349 membranae.
818 2298 962 2362 Numquid,
979 2296 1117 2362 adspersm
1135 2298 1255 2347 nubalibus

124 2384 304 2450 faeminarum?
321 2382 363 2432 lib.
378 2388 423 2444 10,
441 2384 471 2431 bl
485 2379 543 2442 [78,
564 2379 636 2442 157]:
654 2379 779 2431 Medicina
791 2383 816 2431 in
819 2383 904 2445 same,
923 2388 946 2431 et
961 2383 1059 2432 cubatus
1071 2382 1096 2432 in
1105 2383 1184 2446 furno.
1202 2383 1253 2434 Ubi

132 2479 216 2519 tamen
228 2467 319 2516 cubitus
329 2467 401 2527 Mea,
414 2466 436 2516 si
447 2465 528 2526 malie,
541 2464 664 2515 cubiubus.
683 2465 714 2515 In
726 2468 880 2517 contrarium
892 2462 1009 2517 effectum
1023 2470 1054 2517 de
1066 2468 1142 2518 vitice
1154 2466 1198 2517 lib.
1211 2472 1252 2526 24,

133 2559 148 2603 9
162 2551 215 2616 [88,
234 2549 289 2613 59]:
302 2556 424 2598 matronae
440 2547 628 2610 Hermapionis
639 2547 814 2599 Atheniensium
826 2550 958 2600 castitatem
970 2548 1123 2604 custodientes
1134 2549 1171 2600 his
1179 2548 1253 2616 soliis

132 2636 221 2685 cubitus
231 2634 280 2684 sibi
288 2640 400 2682 sternant.
418 2631 569 2695 Cogitabam
581 2633 657 2682 etiam
670 2626 818 2697 aliquando:
832 2632 996 2684 mundanitas.
1015 2634 1056 2686 Sic
1068 2635 1142 2696 inira,
1154 2635 1179 2683 in
1191 2633 1252 2684 solia

132 2719 278 2768 balinearum
294 2715 410 2767 additum.
432 2716 520 2766 Prima
536 2717 612 2766 editio
629 2716 668 2767 Io.
686 2718 806 2768 Andreae
823 2720 922 2770 Romae
941 2723 1164 2781 cursualem,
1181 2721 1251 2770 cuius

132 2819 206 2854 nsum
219 2805 296 2854 etiarn
311 2802 373 2852 milti
385 2799 505 2864 praebuit
515 2800 632 2864 egregins
645 2800 759 2863 (indias,
769 2800 850 2852 cubili:
868 2804 920 2852 alin
931 2797 1078 2853 Perisiensis
1089 2811 1171 2866 vetus,
1187 2804 1251 2852 cubi-

135 2886 189 2937 tali:
201 2902 250 2952 pro
263 2902 313 2950 quo
326 2900 358 2935 ex
369 2884 510 2935 Hermolao
522 2892 692 2949 sumpserunt,
705 2887 804 2948 opinor,
816 2884 924 2950 qenitali.

169 2968 222 3032 [85,
235 2967 297 3031 233]
310 2967 343 3018 In
355 2983 420 3032 aqua
431 2966 525 3016 coelati
533 2966 632 3031 modest
641 2967 779 3032 sanquinem
791 2967 958 3029 reiiciennbus]
971 2969 1073 3019 Delevit
1081 2970 1124 3019 hic
1136 2967 1166 3018 τὸ
1178 2971 1251 3033 prod·

132 3061 167 3101 est
180 3053 373 3113 Gelenius‚·ubi
388 3053 497 3102 retinent
508 3053 589 3101 Acad.
600 3053 704 3115 Menap.
718 3052 784 3103 aun.
802 3052 988 3115 transpositum,
1004 3051 1141 3116 sanquinem
1153 3051 1253 3116 modat

132 3134 301 3196 reiicientibus3
312 3150 364 3185 non
375 3135 494 3185 Vossiani
506 3137 570 3184 duo:
583 3135 627 3184 sed
639 3148 695 3196 nec,
707 3135 751 3184 nbi
763 3135 866 3197 reliquit
877 3134 1062 3205 sigismundus,
1074 3136 1101 3184 in
1113 3138 1164 3186 fine
1177 3137 1251 3188 huius

132 3221 231 3284 periodi
247 3220 408 3269 membranae
424 3220 451 3269 id
467 3218 535 3268 ullae
551 3225 701 3282 agnoscant
725 3218 813 3279 Recta
829 3228 859 3268 nt
873 3227 947 3283 puto:
964 3220 1040 3270 modo
1052 3219 1083 3268 rb
1096 3219 1252 3270 reiiaientibas

132 3310 215 3353 mutes
235 3305 261 3352 in
280 3301 417 3352 reiicientes.
440 3302 481 3354 Ita
497 3303 564 3352 enim
582 3309 736 3368 conceperat
751 3303 860 3353 Plinius:
881 3302 1049 3368 Dysenteriaos
1068 3320 1145 3357 semen
1161 3305 1252 3356 duabus

133 3385 254 3435 drachmis
265 3386 290 3435 in
302 3387 354 3435 aino
366 3385 451 3450 optime
460 3384 552 3437 liberat.
574 3385 723 3451 oxylapathi
732 3403 808 3436 semen
822 3385 891 3437 lotum
903 3387 927 3436 in
940 3402 1006 3452 aqua
1015 3387 1108 3438 amlesti
1114 3390 1251 3455 sanquinem

131 3469 273 3532 reiicientes,
290 3468 385 3519 adiecta
397 3470 493 3533 masia,
512 3469 580 3520 untes
595 3469 764 3535 maqnitadine.
782 3471 938 3535 Intelligitur'
954 3474 1023 3522 enim
1039 3487 1073 3522 ex
1089 3474 1250 3538 praecedenti

132 3556 247 3604 membro
260 3552 350 3603 liberat.
376 3556 410 3604 Et
422 3554 457 3604 sic
469 3561 540 3604 amat
551 3567 626 3618 saepe
638 3554 736 3606 Plinius
748 3557 826 3607 verba
836 3555 992 3607 lucrifacere.
1012 3556 1162 3621 Scripsimus
1174 3557 1251 3606 etiam

132 3637 225 3702 optime,
236 3652 285 3701 pro
295 3645 387 3701 patum:
400 3653 461 3687 nam
474 3646 499 3687 et
510 3639 586 3688 Voss.
599 3646 625 3688 et
637 3638 737 3689 chinea
750 3639 868 3702 optimum.

168 3719 221 3782 [86,
240 3718 301 3782 234]
320 3720 414 3771 Radim
430 3719 577 3770 meliceridas
594 3729 618 3770 et
634 3720 714 3786 lepras
730 3722 826 3786 curant]
846 3725 967 3786 Agnosco
980 3720 1135 3782 meliceridas,
1151 3722 1194 3771 lib.
1208 3729 1250 3782 21,

132 3812 166 3855 20
180 3803 233 3867 [87,
254 3803 324 3868 lbl].
341 3805 441 3856 Psellus
452 3801 514 3871 napi
528 3805 625 3854 racadu
639 3803 777 3868 ὀνομάτων
796 3808 849 3856 τῶν
867 3806 897 3856 ἐν
916 3804 1075 3872 νοσήμασιν·
1094 3800 1250 3871 Melitinam,

131 3884 276 3955 duriorque
292 3885 395 3950 σώματι
408 3878 517 3956 χλιαρῷ
528 3885 626 3947 ἐοικός.
646 3890 698 3942 Sed
710 3890 753 3939 hic
766 3899 875 3955 quatuor
887 3891 984 3953 scripti:
1003 3887 1098 3939 Radice
1108 3887 1207 3949 alerias,
1225 3897 1254 3938 at
1319 3952 1321 3956 v
1344 3955 1347 3962 Ι

132 3980 188 4022 crat
198 3973 277 4036 vulgo
287 3981 346 4023 ente
355 3974 523 4024 Hermolaum
532 3975 680 4025 Barbarum.
698 3974 820 4040 Princeps
831 3977 907 4032 liber:
918 3971 1012 4023 Radici
1022 3971 1132 4022 licierias
1141 3959 1164 4020 et
1173 3971 1252 4036 lepras

131 4064 225 4106 curant.
242 4059 320 4108 Forte
338 4055 449 4108 lichenas.
469 4057 512 4108 Sic
529 4057 573 4108 lib.
586 4064 627 4120 21,
647 4057 831 4122 19[74,1ao]:
849 4057 970 4109 Lichenas
982 4066 1004 4106 et
1016 4055 1095 4122 lepras
1107 4064 1130 4104 et
1138 4059 1253 4123 furfures

131 4141 156 4189 in
168 4140 238 4203 facie
254 4140 384 4191 emendant.
401 4142 445 4191 lib.
458 4147 498 4203 22,
517 4148 548 4192 22
563 4141 616 4206 [43,
629 4140 687 4204 86]:
710 4143 809 4193 Urinam
822 4143 882 4193 ciere
895 4144 1024 4208 praecipue
1036 4141 1148 4205 traditur,
1165 4160 1253 4194 sanare

1034 4223 1052 4260 u
