2760 4734
167 256 208 317 74
657 279 799 321 anonovr

199 423 261 486 [Ib.]
284 423 413 482 Quadrans
433 433 510 473 autem
532 427 628 474 tmuncis
648 433 744 476 uocatus
764 443 781 474 a
803 426 876 475 tribus
896 426 983 490 undu]
1008 429 1169 479 Vocabulum
1187 430 1286 480 trinncis

164 509 315 560 Hermolaus
327 509 411 559 firmat
423 523 455 559 ex
467 510 593 570 Varrone,
610 512 655 559 sed
671 519 803 574 corruptae
817 511 941 561 lectionis.
964 512 1042 562 Voss.
1060 513 1167 562 mancis.
1189 514 1285 574 Scribe,

165 589 281 641 tauncius
292 599 395 642 vocatus.
470 578 473 584 ⁴

199 674 252 738 [13,
265 673 310 737 45]
323 676 412 725 Postea
422 674 562 726 Hannibale
573 683 669 740 arpenta
684 675 714 734 Q.
726 677 804 727 Fabio
816 677 927 728 Maximo
939 676 1065 740 dictatore]
1079 680 1231 731 Vossianus:
1244 698 1284 730 ur-

163 768 253 824 pentem
269 776 394 822 arcumque
405 760 488 810 Fabio.
506 761 583 811 Latet
598 761 702 822 aliquid.
720 762 808 811 Facile
824 770 968 812 nasceretur
985 770 1080 826 arpenta
1092 762 1130 812 M.
1142 762 1284 814 Minucium.

164 842 217 895 Sed
237 859 289 894 non
308 844 437 895 satisfacit.
472 845 562 904 Forte,
584 843 711 907 iterumque
730 844 806 894 Fabio
826 845 937 895 Maxima
957 843 1079 896 dictatore.
1115 847 1180 907 Vel,
1201 847 1285 906 iterum

168 925 198 984 Q.
211 927 287 976 Fabio
297 927 409 979 dissime
420 927 544 978 dictatore.

199 1008 252 1072 [13,
264 1009 309 1072 46]
327 1011 389 1061 Max
401 1010 450 1075 lepe
461 1010 729 1075 Papiriasemunciales
743 1028 809 1060 meas
822 1011 898 1076 facts]
916 1014 992 1064 Voss.
1007 1013 1115 1077 paparia
1131 1014 1286 1063 semunciarii

164 1094 227 1143 meis
235 1095 311 1158 sacti.
334 1096 378 1145 An
394 1095 456 1146 Mos
468 1094 517 1160 lepe
527 1095 617 1145 Maria
627 1095 778 1146 semunciarii
788 1113 853 1145 asses
862 1097 946 1160 sacti?
963 1099 1001 1148 Ut
1016 1097 1173 1160 intelligatur
1184 1099 1285 1148 Marius

164 1179 208 1228 ille
220 1178 389 1239 Gratidianus,
407 1181 438 1229 de
455 1195 505 1243 quo
518 1179 607 1230 Cicero
624 1180 651 1229 in
666 1181 740 1229 tertio
753 1183 784 1230 de
796 1180 886 1231 officiis
899 1178 952 1242 [20,
965 1178 1022 1242 80]:
1039 1179 1079 1230 Ne
1096 1188 1175 1229 noster
1191 1180 1285 1244 quidem

167 1261 326 1314 Gratidianus
338 1262 418 1326 afficio
429 1263 478 1312 viri
489 1263 543 1312 bani
551 1262 652 1324 functus
664 1271 699 1312 est
710 1271 771 1324 tunc,
787 1281 837 1313 cum
846 1271 946 1327 praetor
957 1271 1023 1325 esset,
1036 1262 1202 1328 mllepiumque
1211 1281 1285 1326 prae-

165 1353 240 1394 torum
252 1345 340 1397 aibuni
350 1344 386 1410 pl.
399 1345 566 1406 adhibuissent,
584 1354 611 1396 at
621 1363 659 1396 res
670 1346 804 1397 nummaria
815 1346 844 1396 de
856 1346 972 1396 communi
980 1347 1096 1396 sententia
1107 1348 1286 1398 constitueretur

165 1427 312 1489 (iactabatur
327 1430 387 1479 enim
404 1429 543 1493 temporibus
559 1428 609 1479 illis
624 1446 731 1479 nummus
742 1430 785 1492 sic,
801 1437 828 1479 ut
838 1446 903 1479 nemo
917 1429 1080 1493 praeterire,
1097 1429 1156 1493 quid
1170 1429 1284 1492 baberet).

164 1514 350 1577 conscripserunt
370 1513 520 1563 communiter
538 1513 637 1562 edictum
653 1530 704 1563 cun
723 1530 800 1577 poena
820 1522 891 1578 atque
907 1513 994 1564 iudicia
1014 1513 1237 1576 constitueruntque,
1260 1524 1286 1563 nt

164 1613 241 1645 amnes
260 1596 331 1646 simtd
349 1597 375 1646 in
389 1597 482 1648 Rostra
499 1605 554 1660 post
573 1596 692 1646 meridient
709 1596 869 1649 manderent.-
888 1606 911 1646 et
930 1596 1020 1646 caeteri
1037 1596 1131 1660 quidem
1147 1597 1211 1647 alins
1227 1597 1285 1656 alio,

163 1679 262 1729 Marius
278 1696 295 1729 a
309 1679 423 1730 subselliis
438 1680 462 1729 in
478 1680 570 1730 Rostra
587 1689 666 1729 recta:
688 1680 758 1743 idque
778 1680 842 1743 quod
860 1682 1010 1731 communiter
1025 1681 1173 1744 compositum
1187 1683 1285 1745 suerat,

163 1761 227 1813 solus
242 1762 323 1814 edicit.
340 1765 431 1827 Neque
446 1764 557 1815 offendat
572 1780 732 1829 quemquem,
751 1767 820 1828 quod
836 1764 956 1815 Ciceroni
971 1773 1077 1816 vocatur
1092 1763 1199 1815 edictum.
1217 1767 1285 1816 Nam

165 1855 191 1896 et
207 1845 279 1911 tepent
295 1849 410 1911 appellat
430 1847 521 1910 [Ptin]
539 1847 720 1912 inscript.
739 1857 855 1898 extrema
875 1846 929 1911 [tq
949 1847 1022 1910 132]:
1045 1857 1093 1897 tam
1113 1847 1216 1897 iucunda
1233 1847 1284 1912 ispe

161 1929 232 1993 plebi,
244 1931 362 1980 utMario
374 1930 519 1983 Gratidiano
527 1930 622 1980 uicatim
636 1939 696 1980 totus
703 1939 796 1980 stamas
805 1931 927 1981 rimaverit.
941 1931 1102 1982 Semunciarii
1110 1942 1135 1983 et
1143 1934 1284 1984 Pintiabus.

200 2013 262 2076 [Ib.]
281 2015 377 2064 Drusus
388 2015 412 2064 in
425 2016 544 2064 tribunatu
553 2013 640 2077 piebis]
659 2016 778 2065 Vossian.
788 2015 860 2078 plebi.

199 2096 252 2159 [tc
265 2097 310 2160 ts]
331 2096 357 2148 0.
373 2097 477 2149 Gracchi
485 2098 622 2161 familiaris
638 2114 697 2147 auro
713 2097 845 2162 repensum]
864 2100 940 2150 Voss.
953 2098 1086 2163 rependum.
1108 2101 1187 2162 Lege,
1199 2117 1284 2163 repen-

165 2179 272 2230 dendum.
1127 2202 1132 2211 ι

199 2262 253 2325 [14,
266 2263 310 2326 50]
328 2265 419 2314 bberat
428 2264 568 2329 Philippum
580 2281 657 2330 repam
665 2265 749 2329 poculo
761 2281 832 2314 aurea
848 2264 951 2329 pulvinis
962 2265 1054 2315 subdito
1064 2265 1166 2315 dorum
1176 2265 1283 2328 solitum]

166 2347 207 2397 Sic
222 2349 371 2399 Vossianus.

199 2427 260 2492 [Ib.]
280 2430 397 2481 Anterum
408 2432 432 2480 in
443 2430 604 2482 contumeliam
616 2439 716 2480 naturae
727 2418 840 2481 vilitatem
852 2448 911 2481 auro
920 2431 994 2494 fecit]
1012 2433 1116 2482 Editum
1134 2434 1197 2484 olim
1207 2432 1284 2482 Anta-

165 2513 217 2561 nius
236 2512 322 2576 Scpns.
353 2516 410 2565 Hoc
430 2516 582 2565 vocabulum
603 2514 682 2578 Sapua
702 2518 828 2579 quaedam
852 2517 1010 2579 exemplaria
1029 2516 1082 2566 iere
1104 2529 1167 2566 uon·
1189 2518 1285 2566 habere

166 2598 264 2647 noant
279 2598 445 2659 Hermolaus,
467 2607 496 2648 ut
511 2613 693 2661 supervacuum
709 2600 789 2650 mderi
805 2600 898 2662 possit,
922 2599 1157 2661 inquinamentis
1180 2600 1281 2649 delam.

165 2680 318 2730 Vossianus:
340 2679 455 2730 Antonim
471 2697 529 2745 opus
547 2681 687 2753 cqntumelia
703 2690 805 2730 naturae
826 2681 938 2731 vilitatem
954 2697 1015 2730 auro
1024 2681 1100 2743 ficiro
1116 2680 1211 2746 ἅίφηιιιιι
1225 2696 1284 2743 pra-

165 2761 290 2824 scriptione
300 2762 343 2810 sed
353 2764 453 2825 partaci
464 2763 570 2825 equidem
582 2764 663 2812 miror.
680 2766 762 2827 Lege:
774 2764 891 2815 Antonius
902 2764 969 2828 apud
979 2781 1021 2814 nas
1032 2763 1173 2815 contuntelia
1183 2772 1285 2813 naturae

167 2844 278 2895 vilitatem
294 2862 353 2895 auro
362 2845 434 2909 fecit.
456 2846 588 2910 Odipnum
603 2848 783 2912 proscriptione,
799 2847 843 2896 sed
853 2848 998 2912 Spartbacii
1017 2849 1145 2899 Nimirum
1160 2846 1227 2912 apud
1244 2862 1285 2895 nos

165 2930 302 2981 meandum
318 2932 414 2992 habuit,
431 2932 490 2994 quia
507 2933 576 2995 prius
592 2930 660 2995 apud
675 2939 773 2981 exteros.
791 2932 891 2982 Deinde
903 2933 1008 2995 dignum
1018 2933 1062 2993 ait,
1079 2932 1124 2997 qui
1140 2933 1282 2995 proscribe-

165 3024 244 3066 retur:
261 3030 344 3080 neqne
355 3017 388 3065 ab
400 3015 473 3068 Sulla
484 3025 528 3066 eut
539 3017 625 3079 aliquo
637 3016 873 3080 condiscipulorum,
889 3016 935 3066 sed
951 3016 1028 3079 plane
1044 3031 1060 3066 a
1073 3015 1222 3079 sparnaco,
1240 3016 1286 3077 qui

166 3115 256 3151 surum
272 3101 358 3150 castris
373 3100 459 3149 inferri
476 3108 597 3150 vetuerat.
620 3101 679 3150 Hoc
694 3102 726 3150 de
742 3099 883 3164 Sparthaao
900 3100 1067 3162 deprehendit
1083 3100 1160 3148 etiam
1176 3106 1202 3147 et
1218 3098 1287 3160 cepit

165 3183 327 3244 Hermolaus,
340 3191 366 3233 et
376 3199 390 3233 e
401 3199 447 3234 suo
458 3185 591 3234 Pincianus
602 3184 723 3246 repetivit

202 3266 259 3328 [15,
273 3267 317 3329 51]
337 3266 407 3318 Sicut
425 3264 566 3330 Cartbapini
583 3283 633 3315 cum
648 3264 787 3316 Hannibale
803 3266 881 3315 uictae
897 3266 992 3331 arpenti
1002 3264 1095 3328 ponda]
1118 3266 1193 3316 Voss.
1210 3265 1288 3312 victae

166 3357 209 3398 aut
217 3348 304 3413 pondo.
322 3349 412 3411 Neque
423 3363 526 3399 necesse
538 3359 577 3400 est
587 3363 679 3399 vocem
695 3349 789 3413 arpenti
803 3352 890 3414 repeti.
908 3350 968 3400 Sine
980 3351 1057 3401 dubio
1069 3351 1096 3399 in
1107 3346 1232 3412 particula
1243 3355 1288 3396 aut

167 3433 272 3482 obrutus
293 3438 331 3481 est
350 3446 469 3480 numerus
490 3434 587 3495 argenti
607 3434 728 3482 librarum
745 3434 839 3484 Poenis
859 3435 1048 3498 imperatarum.
1073 3432 1099 3481 Is
1119 3439 1173 3483 erat
1193 3431 1288 3491 omnis,

167 3517 240 3567 Livio
253 3523 280 3565 et
289 3516 410 3579 Appiano
421 3517 534 3574 testibus,
552 3519 639 3567 decern
655 3517 737 3567 millia
752 3518 874 3568 talentum
892 3519 979 3581 aequis
990 3516 1172 3581 pensionibus
1165 3529 1192 3564 ru
1204 3529 1288 3565 annes

105 3607 153 3652 816
167 3601 358 3665 quinquaginta.
379 3601 474 3649 Decem
489 3599 571 3649 millia
589 3601 711 3651 talentum
729 3609 788 3661 suut
804 3603 843 3650 bis
859 3601 950 3651 millies
972 3600 1177 3663 quadringenties
1197 3606 1288 3648 sester-

168 3685 236 3745 tium,
253 3685 336 3736 nostri
346 3684 444 3733 nummi
455 3683 571 3746 sexagies
584 3693 691 3735 centena
702 3684 782 3734 millia
793 3672 952 3746 Philippum
976 3685 1049 3734 Idem
1060 3698 1163 3747 prorsus
1174 3680 1289 3732 efficiunt

168 3767 284 3818 Βοιιιιιιι
296 3768 393 3818 ratione
404 3774 525 3817 sexcenta
532 3767 613 3817 millia
622 3769 720 3831 argenti
729 3753 822 3832 pondu.
836 3767 935 3828 Quibus
944 3768 1048 3817 mirifice
1058 3768 1213 3816 conveniunt
1222 3778 1290 3827 quae

168 3853 254 3901 scribit
264 3853 402 3915 Eutropius
415 3849 451 3913 [3,
462 3849 515 3912 21],
527 3850 786 3914 Carthaginiensibus,
799 3859 926 3900 cumanus
935 3852 1087 3902 Hannibalis
1096 3852 1232 3901 adventum
1241 3863 1288 3910 pa-

167 3951 222 3984 cem
231 3935 461 3997 parisiacensium
469 3952 485 3984 a
494 3935 613 3998 Scipione
622 3936 686 3984 inter
695 3936 757 3985 alias
766 3936 816 3984 hae
825 3936 979 3985 conditione:
990 3934 1118 3998 quinpenta
1127 3931 1203 3982 millia
1208 3929 1290 3994 pondo

168 4017 262 4080 arpenti
272 4015 363 4067 darent.
380 4019 521 4081 Postquam
533 4027 618 4068 autem
629 4019 696 4075 haue
714 4018 855 4082 pactionem
868 4019 917 4081 ipsi
928 4017 1047 4069 iecmssnt
1062 4018 1169 4076 irritam,
1187 4022 1213 4063 et
1223 4026 1285 4062 ren·

169 4109 223 4149 tum
235 4109 299 4150 esset
307 4104 340 4150 ad
350 4102 505 4163 colloquium
514 4118 572 4152 cum
581 4103 724 4153 Hannibale
731 4100 839 4163 [ib.au]:
849 4100 944 4151 Addita
956 4101 1087 4165 qainpentis
1099 4097 1200 4148 millibus
1208 4093 1290 4160 pondo

134 4188 136 4194 ’
169 4183 266 4246 arpenti
279 4191 367 4232 centum
381 4183 456 4233 millia
473 4184 586 4236 librarum
600 4194 700 4250 propter
711 4201 793 4234 navam
803 4183 940 4249 perfidiam.
959 4186 990 4234 Id
1003 4193 1057 4235 tum
1070 4190 1213 4234 recusatum
1226 4195 1290 4229 mox
