2760 4734
494 310 599 352 uorsa
615 310 658 351 sn
672 290 755 350 nisa.
770 309 889 349 xxvm.
1213 286 1254 349 53

134 463 250 524 agnoscit
261 462 326 509 liber
338 457 509 520 fidelissimus)
521 459 699 508 saluberrimam
712 473 761 506 esse
773 465 837 505 certa
849 456 1008 520 experimenta
1019 463 1080 505 sunt.
1098 457 1154 505 Lex
1167 459 1254 506 endem

134 561 198 608 quae
210 545 278 594 Celsi
292 542 402 594 Cornelii
417 540 452 603 [1.
465 559 490 606 p.
505 549 543 592 19.
556 541 639 606 Bip.]:
656 541 737 593 Sanus
749 540 822 602 bomo,
841 541 882 604 qui
892 548 914 588 et
925 542 979 589 bene
991 538 1053 588 valet
1065 547 1087 587 et
1097 555 1154 587 suae
1165 540 1255 603 spontis

132 637 175 687 est,
192 627 264 675 nullis
276 627 380 691 oblipare
391 642 415 673 se
428 625 515 690 lapibus
527 625 601 687 debet,
619 642 648 674 oc
665 642 738 688 neque
753 624 841 673 medico
858 640 931 688 neque
947 623 1073 688 iatralipta
1091 640 1165 688 spere.
1183 626 1254 683 Vox,

133 712 215 773 qualis
232 712 345 760 Suetonii
357 711 481 773 'Augusto
501 716 543 761 76:
563 710 751 773 Vescebaturque
768 717 790 757 et
805 717 860 756 ante
876 724 978 768 coenam,
996 723 1137 771 quocumque
1155 715 1255 771 tempore

132 802 157 841 et
173 792 221 842 loco
236 793 369 842 stomachus
380 793 544 842 desiderasset.
561 793 604 842 Ex
619 793 665 842 bac
680 793 854 842 inobseruantia
871 808 1036 855 nonnunquam
1052 790 1090 840 uel
1104 799 1159 840 ants
1171 791 1254 840 initum
1275 778 1277 783 ¹

132 876 171 924 vel
184 887 237 939 post
253 878 373 926 dimissum
390 877 520 926 convivium
536 877 599 926 solus
614 877 753 938 coenitabat,
771 893 841 940 quum
855 876 926 940 pleno
942 876 1048 925 conuiuio
1065 875 1125 923 nibil
1141 883 1253 940 tanperet.

132 962 184 1012 Sed
197 961 331 1012 Suetonius
348 964 462 1026 loquitur
474 964 508 1012 ‘de
519 961 642 1026 permissa
655 962 702 1011 sibi
714 963 746 1011 ab
758 962 803 1010 illo
820 962 932 1025 principe
947 961 1052 1009 licentia
1068 961 1252 1018 tantummodo,

114 1055 116 1059 ’
131 1048 202 1108 quod
214 1048 247 1094 ad
259 1056 357 1109 tempus
370 1047 418 1095 eibi
431 1047 555 1105 sumendi,
574 1053 600 1094 et
611 1052 723 1094 tenuem
735 1045 758 1094 ei
770 1045 847 1094 luisse
864 1045 993 1104 solarium,
1011 1053 1039 1092 ut
1052 1044 1174 1106 parasitus
1187 1045 1254 1106 apud

130 1130 251 1179 Plautum
272 1139 297 1179 et
313 1131 345 1178 de
363 1130 448 1179 Persis
464 1130 618 1178 Ammianus
634 1129 759 1179 iocantur.
785 1129 866 1178 Nimis
888 1130 955 1178 enim
978 1130 1038 1177 laxe
1057 1129 1254 1190 interpretantur

130 1213 319 1263 indifferentem
331 1215 398 1262 cirea
409 1215 532 1262 rationem
544 1214 626 1262 victus
638 1213 760 1272 animam,
777 1214 931 1261 eontrarium
948 1213 1090 1262 morositati
1107 1212 1180 1261 certis
1191 1212 1253 1274 legi-

130 1300 179 1347 bus
192 1299 332 1346 adstrictae.
350 1297 429 1346 Plinii
441 1306 554 1346 mentem
565 1303 634 1346 reete
646 1297 712 1360 oepit
724 1303 750 1345 et
760 1296 913 1345 Hermolaus
925 1297 1060 1346 Barbarus.

169 1379 256 1441 [Ibin]
281 1379 414 1443 Ultimaque
426 1381 516 1444 probro
534 1395 617 1428 manus
634 1378 659 1427 in
676 1379 734 1428 cibt's
752 1379 891 1443 triumphali
904 1380 955 1428 seni
970 1378 1140 1442 deducebatur]
1164 1381 1253 1430 Hoca

129 1465 249 1523 Gelenio,
268 1478 346 1526 quum
359 1471 432 1523 esset,
449 1463 526 1511 maius
537 1462 561 1511 in
573 1462 632 1512 cibis
643 1461 823 1525 mmmpbalibus
839 1461 930 1511 sedenti
941 1461 1071 1525 dicebatur,
1087 1474 1131 1514 aut
1148 1464 1173 1512 in
1188 1463 1253 1512 cusir's

130 1546 319 1610 triumphalibus,
336 1550 405 1611 quod
417 1561 451 1596 ex
463 1547 611 1608 Hermolao,
628 1547 654 1596 ni
666 1545 751 1608 fallor,
767 1547 906 1596 admissum
919 1555 964 1598 est.
986 1548 1099 1599 Pintianl
1110 1550 1181 1610 liber,
1198 1547 1253 1596 ulti·

129 1646 212 1692 moque
225 1631 338 1693 probrum
354 1646 438 1678 manus
456 1630 481 1678 in
497 1629 562 1679 cibis
582 1628 721 1693 triumphali
735 1628 789 1678 sede
805 1630 920 1680 utebatur.
945 1632 1053 1682 Sensum
1068 1632 1157 1695 procul
1176 1632 1252 1681 dubio

129 1714 296 1776 deprehendit
313 1714 440 1763 Gelenius.
468 1713 519 1764 Sed
536 1713 678 1764 Vossianus
695 1715 830 1778 praecipit:
852 1713 978 1778 ultimoque
992 1717 1079 1778 probro
1095 1732 1179 1764 manus
1195 1717 1252 1764 cibis

130 1796 271 1860 triumpboli
280 1797 331 1845 seni
341 1796 502 1847 deiiciebatur.
519 1801 566 1848 Est
577 1799 611 1847 ibi
624 1799 726 1861 quidem
739 1799 815 1848 etiam
829 1799 943 1861 probrum
956 1809 981 1848 et
993 1798 1146 1849 deiciebatur:
1164 1814 1251 1849 verum

129 1883 173 1930 hic
188 1881 321 1931 Hermolai
339 1882 431 1944 digitus
448 1885 480 1931 ad
502 1884 558 1932 ista.
585 1883 657 1932 Idem
675 1882 827 1932 Ohifletiana
847 1884 997 1932 membrana
1019 1884 1151 1945 significat.
1178 1883 1265 1933 Idemi

73 1966 76 1971 '
130 1965 207 2014 Voss.
225 1966 275 2012 duo
294 1964 345 2025 alii,
362 1966 442 2014 Aoad.
455 1974 480 2015 et
493 1965 567 2026 Gau,
585 1967 629 2030 qui
644 1964 770 2028 ultimoque
784 1966 872 2029 probro
889 1982 973 2014 manus
989 1967 1012 2014 in
1029 1966 1086 2014 cibis
1103 1964 1251 2028 triumphalis

130 2047 190 2095 enim
208 2045 371 2098 deidicebatur.
393 2048 513 2098 Pudenda
529 2066 555 2098 re
571 2065 669 2100 omnes:
687 2051 752 2099 male
764 2051 897 2099 Pincianus
914 2065 958 2110 res,
976 2049 1203 2109 immemorillius,
1219 2051 1250 2097 de

129 2148 181 2194 quo
197 2147 272 2194 supra
290 2137 335 2192 22,
349 2138 362 2182 'l
377 2131 418 2195 [7,
435 2131 478 2195 15]
496 2149 582 2198 mapno
597 2132 691 2194 solatio,
709 2141 734 2182 et
750 2134 829 2182 moris
845 2132 930 2181 Plinio
949 2133 1153 2195 frequentissimi.
1175 2133 1251 2182 Peius

128 2217 211 2273 idem,
232 2214 293 2263 banc
309 2230 414 2276 mensae,
435 2231 481 2279 pro
502 2215 564 2264 banc
579 2215 609 2264 de
625 2232 657 2278 se,
678 2218 747 2279 qaod
763 2225 849 2266 tamen
867 2216 932 2264 adeo
948 2215 1044 2277 placuit
1059 2218 1164 2275 auctori,
1182 2224 1209 2264 ut
1226 2216 1250 2262 id

130 2299 256 2358 maluerit,
274 2313 349 2362 quam
363 2298 434 2349 inse:
451 2307 476 2349 et
486 2299 583 2349 merito.
602 2301 716 2349 Pessime
733 2313 836 2348 omnem
853 2300 923 2348 huno
934 2299 1020 2347 locum
1032 2298 1098 2348 falso
1111 2300 1251 2361 suspicetur

130 2383 233 2430 attribui
250 2383 342 2442 Plinio,
360 2390 459 2432 etcum
477 2383 543 2433 forte
558 2384 584 2432 in
600 2384 714 2446 margine
729 2384 786 2433 libri
803 2383 944 2445 adscriptus
962 2389 1035 2442 esset,
1054 2399 1068 2430 n
1084 2382 1187 2430 librario
1205 2396 1251 2444 per

130 2467 300 2527 ignorantiam
315 2467 366 2515 huo
381 2467 516 2528 insertum,
538 2469 631 2530 quippe
648 2468 691 2529 qui
707 2468 739 2516 ad
755 2476 914 2530 praesentem
930 2467 1061 2516 materiam
1083 2466 1148 2513 nihil
1163 2464 1249 2514 saciat.

130 2549 223 2598 Nescio
242 2564 293 2610 quo
310 2557 386 2612 paeto
404 2551 442 2599 vir
462 2552 691 2614 praestantissimus
707 2551 816 2613 iniquior
833 2558 871 2600 est
886 2551 1081 2600 narratiunculis
1100 2557 1125 2599 et
1141 2549 1249 2607 labellis,

131 2633 221 2695 quibus
237 2634 319 2697 operis
335 2634 374 2682 sui
390 2635 548 2684 severitatem
565 2634 677 2683 condivit
694 2635 805 2695 Plinius,
827 2642 880 2683 tam
898 2637 1016 2685 suavibus
1034 2644 1059 2684 et
1075 2633 1200 2695 delicatis,
1221 2642 1249 2682 ut

129 2716 204 2765 facile
216 2716 314 2767 Siculas
327 2724 352 2766 et
364 2718 518 2781 Sybaritioas
529 2733 630 2769 mensas
642 2732 703 2782 prae
714 2718 765 2768 illis
778 2733 890 2781 spernas.
909 2719 983 2768 Hanc
994 2727 1081 2768 autem
1093 2719 1154 2769 satis
1166 2726 1250 2768 tuetur

129 2809 219 2849 auctor
234 2802 287 2864 ipso
303 2799 585 2863 lib.ss,1e[ss‚2oo]
603 2817 655 2852 uno
671 2803 808 2863 vocabulo,
827 2818 905 2866 quum
922 2803 957 2853 ait
972 2809 1083 2851 rectorem
1099 2801 1131 2852 L.
1143 2800 1248 2850 Luculli.

130 2883 172 2932 Sic
189 2886 255 2932 enim
271 2893 297 2934 et
312 2885 388 2934 Voss.
405 2886 485 2934 Acad.
501 2884 646 2946 Gudianus,
667 2886 809 2949 Menapios.
837 2900 896 2934 nam
914 2886 1047 2948 Andegav.
1068 2900 1115 2934 nos
1137 2884 1249 2934 destituit

130 2981 188 3014 eum
199 2967 249 3014 fine
261 2966 314 3016 fere
325 2968 383 3016 libri
396 2973 436 3017 32.

164 3049 287 3099 osuv1.
300 3048 410 3113 [mot]
432 3051 526 3117 Quippe
537 3069 588 3100 curn
600 3051 716 3101 Heredes
728 3067 778 3099 eum
787 3048 933 3114 prodiderit]
953 3050 995 3100 sic
1007 3049 1169 3099 Hermolaus.
1188 3047 1246 3108 Sed,

130 3141 159 3181 ut
170 3139 244 3182 autea
255 3133 383 3196 edebatur,
395 3136 472 3186 Voss.
484 3135 660 3185 Herculaneum
669 3132 810 3198 prodiderit.
829 3135 873 3183 An
881 3132 1064 3192 Herculaneum,
1077 3140 1105 3181 ut
1116 3130 1162 3180 vim
1174 3132 1247 3182 intel-

128 3218 239 3279 ligatur?
255 3215 395 3267 Prodiderit
406 3227 455 3269 est:
473 3219 568 3279 fecerit,
580 3220 621 3268 vel
633 3219 744 3268 effecerit
756 3222 780 3266 vi
792 3220 901 3280 quadam
913 3218 1019 3280 mapsa.
1037 3218 1168 3267 Pintianus
1185 3217 1248 3266 haee

129 3302 205 3350 verba
217 3301 359 3352 adulterina
370 3317 423 3352 esse
436 3304 585 3366 suspicatur.
604 3302 653 3353 Sed
666 3303 710 3352 ille
722 3304 798 3351 buius
810 3301 960 3366 suspicionis
972 3303 1073 3352 nimius.

165 3383 217 3444 [18‚
231 3383 274 3446 67]
296 3383 420 3449 θοπίοιιίηι
435 3387 534 3450 perfuso
550 3386 617 3434 canu
635 3385 725 3448 morsu]
748 3388 826 3437 Voss.
843 3385 964 3450 confestim
978 3402 1064 3451 perse
1080 3386 1247 3436 cauismorsu.

129 3467 186 3527 Vel,
204 3468 291 3529 inquit,
309 3484 355 3532 per
366 3485 393 3520 se
405 3471 459 3520 sius
471 3471 522 3520 alio
536 3471 683 3520 adiumento
699 3472 819 3535 imposita
830 3471 870 3520 vel
882 3470 909 3519 in
921 3471 1031 3534 spongia
1042 3471 1139 3520 laniare
1150 3469 1246 3530 morsui,
1260 3478 1306 3523 eol

128 3553 148 3600 si
166 3551 245 3600 malis.
273 3552 316 3602 Sio
332 3569 352 3601 c.
373 3558 386 3604 t
405 3552 462 3616 [28,
481 3552 525 3615 85]
543 3553 642 3602 cinerem
656 3570 702 3617 per
717 3571 741 3602 se
758 3570 852 3603 rosaceo
869 3554 973 3604 mixtum.
998 3555 1060 3617 Cap.
1079 3559 1094 3603 9
1112 3552 1165 3615 [37,
1184 3551 1245 3613 142]

127 3632 162 3680 Et
170 3650 215 3696 per
226 3651 251 3682 se
262 3636 400 3700 arunpiom.
419 3637 461 3688 sie
473 3653 548 3701 saepe
560 3638 628 3687 alibi.

161 3719 224 3769 ess.
237 3720 297 3770 VH.
312 3719 370 3782 [23,
384 3719 427 3783 ⁷.9]
446 3720 498 3770 Aut
513 3721 539 3770 in
555 3722 663 3785 sirpineo
679 3729 758 3769 aetate
774 3719 916 3785 spontanea]
939 3722 1070 3770 Pintianus
1086 3721 1245 3769 scribendum

126 3810 212 3865 putat:
230 3810 272 3851 out
288 3803 312 3852 in
329 3804 467 3869 virpiuitate
483 3812 564 3868 sponte
579 3806 712 3868 absumpta.
731 3805 798 3856 ouo.
810 3808 913 3868 Menap.
925 3805 1007 3853 Acad.
1021 3811 1107 3852 carent
1123 3800 1163 3867 τῷ
1176 3819 1245 3865 spon·

127 3894 205 3934 tanea.
229 3887 381 3938 Vossianus:
398 3889 490 3953 cirpine
507 3889 576 3936 etatis
591 3896 679 3951 sponte.
707 3890 783 3949 Quod
800 3890 926 3938 sincerum
941 3894 1016 3951 puto:
1037 3886 1060 3934 si
1072 3886 1187 3950 purpurio
1202 3885 1247 3935 illa

123 3976 178 4031 post
193 3969 352 4033 virpinitatem
366 3972 447 4035 primo
462 3972 495 4020 sit
512 3980 555 4019 aut
572 3972 597 4020 in
614 3971 705 4035 virpine
720 3972 807 4020 aetatis
822 3979 910 4036 sponte.
937 3972 1065 4019 Mutatum
1081 3970 1186 4030 abillis,
1202 3971 1245 4033 qui

125 4054 278 4114 nesciebant,
295 4059 363 4117 quod
380 4065 445 4106 osset
462 4053 492 4104 τὸ
510 4063 603 4118 sponte:
621 4058 689 4117 quod
706 4057 829 4106 interdum
849 4064 947 4118 ponunt
958 4055 1043 4103 Latini
1060 4069 1105 4118 pro
1123 4069 1160 4115 eo,
1178 4055 1245 4118 quod

125 4137 189 4186 alias
201 4138 288 4187 dicunt
300 4155 380 4201 opera,
396 4137 481 4199 studio,
500 4139 615 4201 beneficio,
628 4137 705 4202 culpa,
711 4141 789 4202 sacto.
809 4140 912 4190 Tacitus
921 4140 938 4187 l.
952 4143 966 4186 6
977 4135 1034 4200 [³1]
1047 4138 1144 4187 annai:
1156 4137 1246 4187 nomine

126 4228 217 4269 tantum
229 4227 252 4268 et
263 4229 358 4270 auctore
370 4238 435 4285 opus,
448 4230 474 4272 ut
484 4230 565 4287 monte
577 4219 696 4285 Caesaris,
708 4231 734 4272 ut
744 4239 816 4288 penus
825 4222 935 4284 Arsacis,
947 4222 1024 4286 ripam
1036 4221 1103 4285 apud
1112 4219 1246 4286 Euphratis

1144 4413 1147 4420 -
1220 4328 1333 4448 Ι·
