2760 4734
316 320 320 327 ,
392 301 496 344 uorsa
512 302 555 341 sn
571 301 651 342 amn.
669 301 724 341 vu.
740 301 809 340 vin.
824 300 857 340 x.
873 300 917 340 x1.
1174 279 1209 339 ll

94 453 166 515 (nam
179 456 211 503 ad
224 469 283 502 eum
300 465 396 501 morem
413 452 461 499 vim
479 450 633 501 facturorum
645 452 707 501 iuris
720 464 797 501 eausa
809 451 911 499 omnino
923 448 1035 510 alludit),
1049 448 1120 510 quasi
1135 457 1212 496 testes

95 537 156 585 fecit
173 544 319 600 praesentes
336 551 363 584 se
380 536 411 583 ed
424 536 475 583 vim
487 534 643 585 inferendam
656 535 815 584 contumeliis
827 549 880 583 non
891 533 999 582 ferendis
1011 533 1117 581 invitum
1131 532 1212 593 udigi;

94 637 145 670 non
157 630 259 680 temere,
272 634 323 668 non
335 618 405 682 quasi
419 628 564 682 promptum
576 622 609 669 ad
620 620 722 668 iniurias
734 618 860 681 prosilire.
873 617 949 677 Quod
961 618 1038 666 etiam
1050 616 1212 678 generosissi-

95 721 195 754 morum
208 705 341 753 hominum
353 711 378 752 et
390 704 544 767 populorum
557 710 596 753 est
606 703 632 751 iu
644 703 717 752 bellis
729 703 896 764 suscipiendis
907 708 952 749 aut
962 703 1134 765 propulsanda
1143 701 1213 749 inva-

95 790 208 838 dentium
221 789 327 840 laseiria
341 797 366 837 et
378 788 528 837 temeritate.
547 787 652 838 Ovidius
663 787 708 835 lib.
721 793 744 836 2.
757 786 926 849 metamorph.
940 783 1026 849 [306]:

298 871 333 919 At
341 879 413 934 pater
425 871 568 934 omnipotens
579 886 674 933 superru
687 876 784 917 testatus
796 868 913 932 elipeum,

302 956 350 1012 Qui
360 954 458 1004 dederat
469 971 558 1016 currus,
570 956 618 1012 nesi
629 954 778 1018 opemserat,
791 954 932 1017 omnebfate

298 1039 427 1088 Interitura
438 1040 516 1103 quavi.

96 1127 162 1186 Quid
176 1126 225 1173 hoe
238 1125 307 1174 eliud
319 1140 395 1187 quarn
408 1131 505 1171 testatus
516 1139 541 1171 se
552 1123 627 1186 copi?
646 1123 724 1186 Apud
736 1124 844 1172 eundem
856 1123 899 1173 lib.
913 1127 926 1170 5
940 1121 1015 1186 [667]
1028 1124 1112 1172 Musa:

398 1207 516 1270 quoniam,
529 1206 598 1267 dixit,
610 1207 738 1254 certamine
749 1205 813 1254 vobis

297 1289 446 1354 Supplicium
458 1291 570 1339 merram
578 1306 666 1353 parum
679 1297 720 1349 eet,
733 1288 905 1352 maledictaque
916 1288 1000 1354 cuqrae

297 1373 404 1436 Additia,
417 1383 440 1423 et
451 1391 497 1423 non
508 1382 543 1422 est
551 1374 672 1437 patientia
684 1373 758 1421 lebera
769 1374 850 1435 nobis,-

297 1456 387 1507 Ibimus
400 1459 424 1507 in
433 1475 530 1522 poenas,
544 1466 573 1519 et,
586 1474 634 1520 qua
647 1466 715 1505 uocat
726 1458 771 1517 ira,
784 1473 914 1520 sequemur.

99 1541 209 1590 Testatur
220 1558 244 1589 se
255 1542 314 1605 coqi,
331 1544 357 1591 id
374 1551 419 1604 est,
438 1551 545 1592 testatur
556 1557 608 1592 non
621 1556 676 1592 esse
688 1535 734 1590 'sibi
747 1543 897 1605 patientiam
908 1542 1023 1592 liberam.
1041 1541 1095 1592 Nec
1108 1555 1168 1590 vero
1180 1543 1215 1590 ei·

95 1628 151 1674 dem
165 1626 288 1676 Salmasio
301 1634 345 1676 eut
356 1628 477 1676 Pintiauo
493 1627 638 1676 accedimus
655 1641 702 1688 pro
718 1640 767 1674 nec
783 1641 846 1675 sano
863 1640 910 1675 nee
929 1626 1049 1674 Pliniana
1066 1625 1215 1684 delentibus,

96 1724 160 1771 quae
170 1719 319 1773 sequuntur:
332 1711 479 1773 cooriturque
491 1727 536 1759 non
549 1719 661 1772 tanquam
674 1711 699 1758 vi
709 1717 810 1768 coactus,
822 1709 865 1757 sed
876 1717 988 1772 tanquam
1000 1709 1118 1757 amerttiae
1129 1711 1214 1759 iratus.

96 1791 161 1842 Sunt
173 1795 241 1842 enim
253 1801 278 1843 et
290 1796 353 1844 haee
365 1797 501 1858 magnifica
512 1794 607 1857 pariter
618 1801 644 1841 et
661 1795 799 1855 elegantis:
818 1795 919 1843 tandem
936 1794 1061 1856 impetum
1078 1794 1146 1853 facit,
1163 1807 1214 1842 non

95 1885 123 1924 ut
139 1885 253 1926 metuens
269 1879 325 1938 sibi,
347 1881 392 1927 sed
407 1887 436 1928 ut
452 1892 602 1927 succensens
620 1877 745 1926 stulticiae
763 1876 949 1926 lacessentium.
978 1877 1045 1937 Quid
1061 1877 1130 1926 aliud
1147 1877 1215 1939 apud

96 1959 205 2009 Statium
218 1961 315 2024 Iupiter
327 1963 345 2010 l.
356 1963 390 2010 X.
404 1959 451 2022 [vs.
465 1958 527 2021 907]
541 1961 689 2010 Thebaidos
701 1961 727 2008 iu
740 1959 871 2023 Capaneo:

399 2045 449 2106 ipse
456 2044 577 2106 furentem

300 2126 374 2189 Risit,
387 2134 409 2174 et
420 2127 515 2176 incussa
525 2136 661 2176 sanctarum
674 2126 732 2175 mole
744 2143 869 2190 eumarum,

305 2209 427 2267 Quaenam
438 2227 492 2274 spes
504 2210 619 2259 lominum
632 2209 735 2260 tumidae
745 2219 799 2274 post
808 2210 904 2275 praelia
916 2211 1054 2276 Plleqrue?

305 2293 370 2342 Tune
381 2295 452 2343 etiarn
456 2293 602 2357 feriendus?
613 2295 656 2344 ait.

95 2381 146 2428 Pur
158 2379 305 2441 exemplum
317 2378 440 2429 Neriedes
452 2380 496 2428 ille
508 2381 577 2443 apud
589 2379 736 2430 Samuelem
748 2380 792 2430 lib.
805 2385 828 2444 9,
842 2387 865 2429 2.
884 2380 935 2431 Sed
951 2381 978 2430 in
989 2383 1051 2431 Mss.
1065 2387 1103 2431 est
1114 2380 1216 2446 sopitur-

96 2478 148 2524 que‚
160 2470 186 2510 et
197 2461 309 2511 amentio.
328 2465 408 2512 Recte
419 2464 497 2526 igitur
507 2464 552 2524 sie,
564 2471 593 2512 ut
604 2465 693 2520 editur,
706 2466 850 2513 restitutum
863 2474 908 2526 est,
921 2479 969 2514 neu
980 2471 1066 2528 potest
1078 2465 1216 2529 quidquam

96 2547 200 2610 propius
212 2547 318 2609 vestigia
331 2552 444 2595 veterum
456 2547 578 2597 librorum
592 2547 703 2610 reperiri.
717 2545 888 2609 [usmis-cell.
901 2564 925 2612 p.
939 2545 1012 2610 845]

516 2744 582 2809 AD
604 2743 725 2808 LIBR.
747 2742 794 2808 X.

132 2884 195 2933 Car.
205 2882 293 2932 XXII.
304 2881 413 2944 [potiusz
422 2883 552 2944 XXXIII,
561 2891 602 2945 33,
613 2881 657 2944 69]
671 2882 793 2945 Simulque
804 2882 943 2932 comitialem
952 2891 1051 2946 propter
1062 2884 1166 2931 morbum
1177 2881 1217 2930 de-

97 2967 151 3029 spui
162 2964 261 3027 suetum]
280 2967 413 3017 Pintiunus
430 2983 443 3016 e
462 2968 601 3028 Toletano,
618 2974 705 3015 suetae.
725 2966 844 3030 Suspicor
854 2967 990 3039 insiticium
1003 2982 1057 3016 esse
1068 2964 1099 3014 τὸ
1112 2965 1217 3014 comitia-

98 3049 150 3110 lem,
161 3058 186 3098 et
194 3065 250 3098 eum
264 3051 408 3113 explicandi
421 3066 499 3100 eausa
510 3050 709 3114 suprascriptum
722 3052 831 3099 essetab
843 3051 989 3112 interprete,
1004 3050 1107 3098 librario
1121 3049 1217 3099 erranti

97 3134 242 3183 admissum.
260 3133 336 3182 Plinii
350 3133 410 3183 luit:
425 3132 540 3196 simulque
549 3141 647 3196 propter
656 3134 759 3181 morbum
771 3131 855 3201 despui
864 3141 960 3193 suetum,
979 3149 1044 3195 quem
1061 3132 1114 3181 sola
1125 3133 1218 3182 anima-

98 3216 154 3265 lium
165 3217 266 3265 sentiunt
274 3225 374 3280 praeter
386 3216 507 3266 bominem.
524 3219 631 3268 Morbus
644 3215 728 3280 despui
736 3224 815 3264 suetus
827 3223 866 3266 est
883 3218 1025 3266 comitialis.
1046 3218 1155 3268 Plautus
1169 3218 1218 3269 Ca·

97 3301 159 3365 ptiv.
167 3306 190 3361 9,
204 3305 219 3348 4
231 3299 280 3362 [vs.
288 3298 343 3362 18]:
356 3300 391 3349 Et
402 3299 451 3350 illie
463 3301 510 3363 isti,
522 3300 565 3364 qni
574 3309 690 3365 epulatur,
703 3302 797 3350 morbus
808 3299 923 3350 interdum
935 3302 1003 3352 uenit.
1018 3301 1071 3364 [lix
1082 3300 1217 3352 Miscetur.

96 3382 206 3449 pere]
530 3383 532 3386 ’

516 3564 583 3631 AD
604 3565 721 3631 LIBR.
745 3566 809 3631 XI.

99 3662 185 3751 [Qum
203 3696 343 3752 sequuntur
360 3691 446 3752 ipsius,
464 3690 611 3749 atridem,
628 3687 743 3740 Gronouii
755 3703 841 3738 errore
852 3690 878 3738 iu
892 3689 950 3738 edit.
963 3689 1045 3738 Huelr.
1058 3691 1089 3737 ed
1101 3688 1158 3737 libr.
1171 3689 1218 3737 IX.

99 3772 181 3821 relate
201 3779 274 3834 sunt;
299 3774 444 3836 praeposita
466 3774 533 3824 enim
555 3781 614 3823 sunt
634 3773 664 3822 iis
685 3788 749 3835 quae
769 3772 846 3822 modo
866 3772 1028 3822 exhibuimus
1048 3785 1081 3819 sx
1102 3770 1165 3818 libro
1185 3771 1219 3820 X.

582 3854 735 3918 emendata]

134 3973 197 4023 Car.
210 3973 259 4023 XI.
273 3971 378 4035 [1929]
392 3972 427 4022 Et
439 3972 505 4022 melle
517 3991 562 4023 uno
574 3973 678 4024 alterive
690 3972 726 4024 ad
735 3990 848 4023 summurn
861 3971 899 4022 die
911 3970 983 4020 cellas
995 3968 1095 4034 replent]
1115 3970 1157 4020 sie
1169 3970 1219 4019 iem

98 4058 195 4108 editum
208 4059 280 4108 video
292 4057 410 4108 Lutetiae
424 4063 497 4108 1514.
515 4059 604 4122 Neque
616 4060 689 4110 aliter
700 4058 832 4108 Manutius
841 4057 956 4108 Venetiis
971 4060 1044 4106 1559.
1064 4055 1100 4106 At
1111 4055 1149 4104 Io.
1164 4055 1218 4104 An-

99 4143 173 4192 dreas
193 4144 309 4193 dederat:
332 4159 378 4191 nno
390 4142 491 4191 alterove
503 4159 615 4192 eurnmum
628 4143 673 4193 die.
691 4146 726 4193 Et
737 4144 773 4193 sie
784 4143 877 4206 scripti,
902 4147 1038 4205 verumque
1054 4155 1084 4190 ue
1099 4139 1220 4191 Latinum

99 4234 143 4276 est.
164 4226 229 4277 Vide
242 4229 387 4279 squirium
401 4235 441 4289 21,
456 4233 495 4279 95.
510 4227 563 4290 [Ex
574 4226 710 4279 Macetae.
723 4244 747 4292 p.
761 4223 831 4287 848]
