2760 4734
178 241 219 302 22
668 257 810 300 onorem

214 410 278 460 cir.
290 410 337 459 VI.
355 407 408 470 [14‚
425 406 469 468 27]
487 405 538 458 Sed
551 407 635 457 seriore
651 405 767 469 nmmo]
785 406 854 470 aege
875 420 932 457 oum
944 406 1024 458 Voss.
1035 406 1185 473 appellatae
1195 410 1228 473 io,
1243 415 1298 463 mel

179 492 216 541 tu
231 491 340 541 ianthino
355 492 431 541 ucetia
448 489 476 539 Ε
488 490 573 540 sotium
584 490 690 539 marimo
701 490 830 539 auctoritas
842 489 917 540 lutae.
939 490 1038 542 θωνα
1050 501 1146 557 antas,
1167 494 1299 565 menisgin

179 584 273 640 ecquae
284 574 379 624 marina
390 573 533 639 appelletur.
551 576 640 627 simile
649 577 769 625 mendum
780 576 824 624 lib.
837 580 878 635 2⁰,
891 580 922 625 ls
934 572 988 637 [76,
1003 574 1081 639 1⁹⁸]-

214 656 267 719 [tm
286 657 330 721 28]
349 658 466 709 Proxima
483 658 505 707 ei
516 657 597 707 coitio
608 666 643 707 eet
653 656 770 707 concolori
779 656 945 721 amplitudine]
964 658 1036 719 Quid
1049 674 1155 723 quaeso
1166 664 1300 728 amplitudo

179 744 220 791 vel
236 743 346 806 spatium
361 745 395 793 od
412 742 532 803 colorem,
550 750 595 791 aut
607 744 680 792 color
690 743 723 791 ad
736 742 947 806 amplitudinem?
964 743 1019 793 Pro
1031 758 1104 795 voce
1115 744 1212 797 ultima
1221 754 1302 799 nonni

177 824 338 875 similitudine.
357 826 407 876 Sed
424 828 531 877 alteram
541 826 633 877 retinet
644 827 760 889 egregias
772 826 867 875 codex:
880 826 948 889 quod
959 832 1050 877 autem
1063 831 1211 893 praeeedit,
1220 846 1266 895 pro
1275 846 1301 883 eo

180 911 269 959 habet:
285 909 423 959 conmlcori.
441 911 575 972 Fortassis,
594 917 617 959 et
631 908 749 959 cocdimri
764 908 926 973 amplitudine.
949 908 993 961 sic
1003 910 1051 961 lib.
1066 918 1113 973 21,
1126 917 1161 965 2?
1176 910 1232 977 [⁹9,
1249 912 1302 979 itt]

180 992 296 1042 cochleari
312 1010 428 1043 mensuro.
444 995 487 1043 lib.
501 999 541 1056 24,
556 1001 566 1046 l
583 992 689 1058 [potiuss
709 1000 747 1055 11,
765 1000 805 1053 58,
823 991 868 1055 96]
889 995 921 1045 do
937 994 1019 1059 ulyssi
1035 996 1163 1049 dococta:
1185 996 1230 1047 E:
1244 1006 1304 1049 ead

180 1075 246 1125 melle
264 1075 362 1139 prodest
380 1077 504 1141 maqnijice
525 1076 560 1127 od
576 1078 655 1126 tussim
672 1085 695 1125 et
710 1076 871 1141 orthopnoean
888 1075 1018 1127 cochlearis
1034 1094 1163 1130 memorre.
1188 1080 1231 1131 Ita
1245 1083 1304 1133 euim

180 1160 214 1208 ibi
226 1162 363 1223 legendum
375 1177 408 1210 ex
419 1163 468 1211 Me.
492 1161 581 1224 Vulgo
594 1162 648 1211 sine
660 1176 747 1211 sensu:
758 1159 801 1209 Eo
813 1168 836 1208 et
845 1176 875 1209 er
885 1158 959 1221 mede

215 1240 268 1304 [17‚
286 1242 329 1305 31]
349 1242 392 1292 Ad
405 1243 510 1309 scripulo
525 1261 598 1309 iisqne
612 1243 707 1308 sinqnlu
722 1245 786 1293 oreis
803 1242 995 1307 decoquenntffl
1013 1244 1077 1295 Eoo
1089 1248 1155 1311 quid
1167 1248 1212 1309 sit,
1227 1248 1304 1313 pain

180 1342 207 1377 se
227 1327 322 1379 fatetur
341 1330 437 1378 nescire
454 1325 469 1376 d
486 1326 563 1378 πάνυ.
580 1330 782 1393 inquinatissima
798 1343 853 1379 esse
868 1334 968 1379 tautum
989 1330 1069 1381 semes
1091 1344 1182 1395 nequo
1198 1334 1304 1400 ignoeme

180 1413 308 1473 quomodo
325 1412 465 1475 explicent:
480 1411 618 1474 legandum
633 1419 719 1461 autem
736 1412 848 1472 omuino,
865 1409 900 1459 od
914 1409 1023 1475 scripulo
1037 1428 1119 1477 usque
1133 1413 1235 1480 :inquio
1248 1414 1305 1467 meis

180 1495 319 1559 decoquens:
339 1503 395 1557 aut,
416 1493 452 1549 ad
465 1493 571 1558 scripulo
588 1511 659 1558 mque
676 1495 700 1543 in
716 1493 820 1559 sinquloe
837 1492 948 1545 denarios
962 1492 1115 1560 decoquens,
1134 1501 1172 1549 ud
1189 1501 1303 1565 Seliup

183 1586 238 1628 106.
260 1580 331 1629 Haec
348 1580 474 1642 posterior
493 1586 578 1629 tamen
600 1580 744 1629 coniectura
761 1586 788 1628 et
805 1579 942 1642 explicatio
958 1579 1128 1645 Daleoampii
1144 1584 1240 1633 eodem
1253 1584 1304 1633 md·

180 1672 253 1712 eunt:
265 1677 357 1727 nempe
366 1665 439 1713 tertia
449 1656 616 1727 pantominus
624 1663 754 1713 fructuum
765 1662 868 1727 percipi,
880 1678 957 1727 quam
965 1663 1086 1727 impensa
1095 1666 1253 1731 constiterit3
1260 1682 1303 1733 pro

181 1749 267 1807 tribus,
284 1763 349 1811 quae
360 1748 475 1811 impensa
491 1754 557 1808 sunt,
574 1748 685 1811 seripula
701 1754 801 1797 tantum
812 1748 883 1797 reddi
894 1747 961 1797 bins.
978 1748 1051 1797 Haec
1071 1750 1167 1801 multis
1179 1750 1304 1803 confutem

180 1846 295 1896 possem:
315 1834 359 1883 sed
379 1847 529 1894 quaeramus
549 1846 650 1882 sensum
671 1831 802 1894 vulgatae,
823 1846 902 1894 quam
924 1832 1051 1893 integram
1074 1841 1186 1885 sonant
1201 1836 1304 1900 optimae

182 1919 350 1966 membranae.
366 1917 454 1966 Primo
466 1931 539 1965 crece
551 1917 612 1978 quid
624 1917 720 1967 habeut
731 1916 848 1965 molesti?
866 1916 910 1967 An
921 1915 1040 1979 uonipse
1052 1918 1172 1969 restituit
1184 1920 1229 1969 lib.
1242 1924 1302 1981 Μ

183 1999 324 2062 [4³,152]‚
341 2008 448 2061 etvere,
466 2002 564 2064 opinor,
585 1996 692 2048 Gorduos
710 1996 777 2061 opud
794 1996 962 2064 Oortdoqinem
982 2014 1108 2063 mopnam
1129 1999 1303 2065 Cordalnqsr

178 2084 314 2148 praecipue,
334 2083 465 2132 sestertium
480 2099 537 2132 seno
553 2081 629 2131 millio
645 2098 657 2131 e
670 2081 756 2146 paruis
772 2080 870 2131 reddere
881 2081 962 2133 amis?
978 2082 1024 2133 An
1034 2096 1091 2133 nou
1105 2084 1256 2137 Columella
1264 2086 1301 2135 lfa

184 2174 214 2217 10
228 2166 301 2230 [³62]
314 2168 401 2216 mcum
413 2167 506 2217 areolos
518 2175 541 2215 et
551 2183 628 2230 sepem
640 2165 735 2215 ducitur
747 2165 825 2216 horti?
838 2166 911 2216 Idem
923 2167 967 2215 lib.
982 2171 1023 2228 ll,
1036 2174 1052 2217 3
1067 2165 1143 2231 [l8]:
1167 2166 1242 2219 Circa
1250 2166 1302 2219 Irim

181 2249 314 2301 Ianuarias
331 2250 414 2300 humus
430 2249 523 2315 'refosso
539 2251 564 2299 in
579 2267 650 2300 oreas
666 2248 794 2318 diuiditur:
809 2265 870 2312 quoe
887 2256 964 2299 tornea
974 2247 1010 2297 sic
1021 2248 1198 2313 informandas
1207 2260 1268 2315 mi,
1280 2260 1303 2303 st

174 2335 254 2398 focile
269 2336 417 2386 runcantium
430 2352 514 2384 rnonus
526 2334 561 2385 od
572 2333 695 2383 dimidiam
704 2341 798 2397 partem
810 2331 945 2383 latitudinis
956 2348 1039 2382 eorum
1050 2336 1216 2398 percutiam.-
1229 2352 1258 2387 nc
1266 2336 1303 2401 qui

178 2428 352 2483 persequuntur
371 2419 535 2481 [Schneiderz
548 2416 733 2481 prosequuntur]
747 2417 841 2478 herbas,
858 2418 949 2466 semino
960 2416 1106 2481 proculcare
1116 2428 1251 2485 oopnnurp
1265 2418 1302 2469 ssd

179 2503 259 2565 potius
270 2520 316 2566 per
332 2484 427 2551 seraitae
443 2499 616 2565 inqrediontur,
632 2508 654 2549 et
671 2500 766 2550 alterno
781 2501 829 2551 uice
847 2499 960 2550 dimidiae
971 2517 1043 2551 meas
1054 2490 1179 2554 macerit.
1198 2504 1254 2555 Im
1263 2518 1301 2553 atu

182 2600 234 2634 non
247 2587 320 2635 iuxta
331 2586 461 2648 eleganter
476 2583 579 2645 areolae,
596 2598 661 2648 quae
672 2587 740 2635 male
752 2586 907 2649 respondent
917 2598 1000 2648 nequo
1012 2586 1135 2649 reddunt,
1154 2590 1227 2651 quod
1237 2598 1300 2637 seet-

182 2678 281 2733 peruut,
293 2666 419 2731 decoquere
430 2670 556 2730 dicuntur,
568 2679 645 2733 atque
657 2670 739 2732 ipsum
752 2669 870 2719 crocum?
888 2670 979 2720 Multis
991 2670 1042 2719 hoo
1052 2670 1189 2721 illustrare
1200 2684 1300 2735 postem.

182 2755 202 2803 si
218 2755 282 2803 ratio
299 2754 423 2803 scribendi
438 2760 574 2817 pateretur.
591 2752 727 2816 Decoquere
744 2761 830 2803 autem
842 2751 877 2801 od
890 2751 1027 2817 smpnlum,
1044 2768 1106 2803 eum
1118 2754 1218 2805 Latine
1227 2752 1300 2819 loqui·

182 2853 251 2898 mur,
268 2853 320 2887 uon
338 2847 375 2886 ost
391 2852 421 2885 eo
437 2851 525 2898 usque,
540 2845 570 2886 ut
586 2839 724 2900 scripulum
740 2844 910 2897 consumatur,
928 2839 973 2887 sod
989 2844 1019 2886 ut
1034 2838 1180 2901 scripulum
1196 2845 1300 2889 mutum·

182 2923 260 2971 modo
272 2922 390 2985 supersit:
414 2922 629 2984 quemadmodum
647 2924 715 2984 quod
738 2922 828 2971 medici
844 2922 933 2971 iubent
947 2918 1048 2984 decoqui
1063 2920 1102 2969 ad
1117 2922 1219 2985 tertiam
1233 2923 1260 2973 iu
1274 2934 1300 2969 eo

181 3010 245 3056 duae
261 3006 349 3056 tertiae
367 3013 563 3066 consumuntur,
579 3019 630 3053 una
645 3013 743 3065 manem
759 3020 812 3054 non
827 3020 879 3055 una
895 3005 1059 3065 consumitur,
1075 3012 1104 3055 et
1119 3008 1189 3057 duae
1205 3014 1301 3057 reem

182 3092 265 3155 Super
281 3091 377 3151 omnia,
394 3091 438 3153 qui
456 3091 554 3153 quodve
569 3085 696 3151 decoquere
711 3086 746 3136 od
760 3085 889 3151 scripulum
902 3089 1006 3149 dicitur,
1023 3088 1098 3137 ineis
1110 3088 1245 3153 scripulum
1255 3088 1301 3139 no'u

182 3175 354 3225 consideratur
364 3190 410 3239 pro
423 3175 498 3224 tertia
509 3180 580 3237 parto
592 3173 689 3223 denarii
701 3170 758 3235 (qui
768 3172 930 3236 Daleoampii
941 3186 1012 3221 error
1023 3167 1082 3233 cs‘t),
1096 3174 1142 3223 sod
1153 3188 1204 3237 pro
1217 3182 1303 3239 quart

182 3266 208 3307 et
222 3260 341 3309 vicesima
355 3268 427 3322 parte
443 3259 542 3318 unciae,
560 3257 623 3306 assis
639 3257 811 3307 ducentesima
828 3256 986 3318 octogesima
1003 3263 1102 3307 octava.
1120 3257 1162 3307 As
1181 3266 1223 3309 est
1239 3270 1302 3317 rura

181 3343 223 3391 vel
238 3349 320 3391 totum
337 3343 406 3404 quod
423 3340 512 3389 seritur
527 3341 554 3387 in
569 3353 636 3389 area.
655 3341 694 3388 Ea
706 3355 765 3389 area
777 3338 885 3402 decoquit
895 3337 931 3387 od
940 3336 1038 3404 simpuio
1047 3338 1165 3403 scripulo,
1177 3342 1206 3393 id
1215 3350 1262 3403 est,
1271 3342 1302 3393 sd

182 3432 296 3486 quartam
314 3432 339 3473 et
356 3424 502 3472 vicesimam
518 3430 616 3486 partem
631 3426 730 3474 unciae.
753 3424 825 3473 Haec
840 3423 945 3483 Latino,
967 3424 990 3471 si
1006 3437 1076 3472 mons
1093 3438 1126 3472 ea
1142 3424 1234 3475 Plinio
1250 3424 1303 3485 tuit,

181 3507 271 3557 melius
283 3507 331 3556 diei
343 3521 395 3556 non
406 3515 521 3570 possunt,
533 3522 581 3556 nec
593 3509 701 3572 planius.
726 3508 803 3569 Quod
814 3509 836 3557 si
848 3509 888 3557 cui
900 3507 1007 3557 nimium
1018 3508 1121 3557 videmur
1132 3515 1159 3558 et
1177 3506 1303 3573 serpula·

180 3592 265 3655 potius
282 3606 328 3654 pro
341 3591 415 3640 tertia
426 3597 497 3655 parte
510 3594 605 3642 denarii
616 3593 658 3643 vel
670 3594 806 3642 drachmae
824 3592 1007 3655 accipiendum,
1022 3591 1136 3653 legerem
1150 3594 1242 3645 mitius
1258 3602 1304 3645 tm·

181 3676 255 3745 etatis
271 3676 353 3725 verbis
369 3686 395 3725 ot
410 3690 484 3724 sensu
501 3679 616 3727 meliore:
639 3675 674 3724 od
687 3674 782 3742 sinpulo
792 3692 864 3739 aeque
874 3674 981 3739 empulo
991 3673 1099 3725 denarie
1115 3674 1304 3741 &aputeum

182 3758 258 3819 Quod
279 3769 345 3811 esset
364 3761 396 3808 de
416 3762 530 3825 pondere
550 3761 647 3811 denarii
666 3768 722 3812 sato
743 3768 843 3811 tautum
863 3760 946 3811 redire
963 3759 1115 3824 scripulum,
1136 3759 1194 3811 sive
1210 3768 1306 3826 partem

182 3843 288 3893 tertiam.

215 3927 279 3978 Csl’.
296 3929 356 3979 VIL
372 3927 425 3990 [ta
443 3927 488 3991 86]
511 3926 630 3992 Quicquid
645 3927 680 3976 od
690 3927 837 3979 meridianas
848 3929 920 3978 iteras
932 3927 981 3978 diei
991 3924 1078 3993 oerqit]
1097 3927 1182 3979 dcet
1196 3938 1225 3979 et
1235 3944 1305 4005 upp.

181 4010 312 4061 Gudianus
325 4027 383 4061 oum
395 4015 497 4077 Menap.
511 4012 556 4061 die.
574 4012 714 4062 Vossianus
726 4015 838 4078 optimus
850 4029 908 4063 cum
920 3998 1022 4077 Andeg.
1035 4010 1096 4061 dier.
1113 4012 1157 4063 Ita
1168 4020 1228 4064 tuto
1239 4014 1305 4077 lege:

119 4099 166 4146 777
181 4102 207 4143 et
218 4096 318 4145 notavit
329 4097 392 4146 olim
404 4111 418 4145 e
430 4111 476 4146 suo
490 4097 579 4147 codice
591 4095 725 4147 Gelenius:
738 4100 782 4148 sed
793 4107 952 4163 spreverunt.
974 4092 1094 4161 Quicquid
1105 4093 1159 4147 dies
1168 4096 1257 4163 eripit,
1269 4104 1307 4147 est

182 4179 283 4239 dietum,
302 4187 330 4229 ut
346 4181 413 4244 apud
425 4181 525 4231 Livium
543 4181 695 4244 notavimus,
711 4180 831 4245 Quicquid
842 4180 1065 4247 propredieduntur,
1081 4178 1206 4247 Qtrioquid
1216 4180 1307 4247 denqiue
