2760 4734
457 265 562 310 noran
578 267 622 308 su
636 269 720 310 nunu.
735 266 839 310 xxxv.
1168 253 1208 315 97

90 415 200 486 inlinit).
224 421 258 469 Et
274 418 317 467 lib.
333 423 354 467 1.
371 417 403 466 de
420 418 564 467 inventione
583 415 636 478 [39.
649 418 710 468 Vol.
722 419 770 468 111.
782 433 808 482 p.
821 424 861 468 68.
874 421 900 468 in
911 421 997 470 Rhett.
1011 420 1117 483 Wala.]:
1135 413 1207 471 Ἠνέ-

85 503 140 571 χθη
152 500 273 569 σκηπτὸς
287 497 332 550 ἐπὶ
349 499 396 565 τὴν
410 495 575 565 Περικλέους
590 499 693 562 εἰκόνα,
710 498 755 550 καὶ
768 498 951 562 συμβουλεύει
965 519 1006 561 τις
1014 503 1111 572 μηκέτι
1125 503 1207 555 αὐτὸν

88 579 228 649 Ὀλύμπιον
246 582 345 634 καλεῖν.
374 585 493 636 Valerius
510 588 639 637 Maximus
656 588 700 635 lib.
719 593 788 648 6,10
806 585 915 648 [extera.
936 586 974 649 l]:
997 589 1053 639 Non
1069 591 1119 639 sine
1135 607 1209 639 eausa

88 674 161 737 iyitnr
173 671 237 721 tanti
244 670 335 719 rebaris
344 669 437 718 animus
448 669 483 718 ad
491 669 596 734 Olympii
605 686 728 735 coynomen
740 670 853 720 aseendit.
866 671 908 722 sie
918 674 1048 736 praeclare
1058 674 1208 739 christoph.

89 757 196 809 Golcrus
208 757 289 805 eiecto
302 754 425 805 vocabulo
438 753 510 815 Ioum,
524 756 593 817 quod
606 756 647 804 hic
660 771 760 818 quoque
772 757 882 818 imperiti
894 759 1061 807 obtruseraut.

121 838 175 902 [84,
191 837 236 900 54]
254 839 378 888 Panaeum
382 839 489 902 fratrem
502 839 559 898 ehu,
572 839 614 900 qai
624 838 729 903 elypeum
742 839 805 888 intus
814 839 895 903 pinsit
906 848 928 888 et
940 841 963 888 in
976 840 1060 905 aeyide
1071 841 1207 904 Minervae]

90 927 163 975 Voss.
181 924 306 973 Panenam
324 923 375 971 eius
382 923 503 985 fratrem,
520 922 581 985 qnid
595 922 693 986 elipeum
710 924 772 972 intas
785 923 866 986 pinxit
881 924 941 973 elide
959 925 1084 975 minervae.
1107 928 1210 976 Abeunt

89 1016 109 1057 et
120 1009 156 1058 in:
174 1022 258 1070 neque
275 1009 315 1056 his
333 1022 397 1071 opus
410 1015 455 1056 est.
480 1007 579 1057 Scribe:
598 1007 738 1056 Panaenum
756 1008 806 1055 eius
815 1009 932 1071 fratrem,
945 1009 987 1072 qui
997 1017 1020 1057 et
1030 1009 1134 1073 elypeum
1148 1009 1210 1057 intus

87 1093 163 1156 pinsit
179 1090 253 1140 Elide
269 1091 401 1140 Mineruae.
425 1092 468 1142 Sic
483 1099 589 1140 vocatur
605 1093 760 1152 Pausaniae,
788 1092 831 1141 lib.
850 1098 895 1152 36,
913 1099 945 1142 23
964 1091 1021 1155 [55‚
1040 1091 1113 1154 177]:
1135 1091 1210 1141 Elide

90 1175 157 1225 aedes
169 1183 205 1224 est
215 1175 350 1237 Minervae,
362 1176 387 1223 in
399 1176 535 1238 paufrater
544 1174 648 1224 Phidiae
660 1176 790 1224 Panaenus
802 1175 919 1224 tectorium
933 1175 1026 1224 induxit
1038 1175 1098 1224 lacte
1110 1184 1132 1223 et
1143 1193 1210 1224 ονοοο

89 1263 215 1310 subactum.
240 1260 282 1311 Sic
297 1261 415 1320 Pintiani,
433 1260 504 1308 Men.
521 1260 601 1309 Acad.
618 1261 693 1310 Voss.
717 1261 804 1323 Vulgo
822 1261 899 1309 enam
916 1261 1064 1310 adlererunt
1081 1261 1209 1324 praeposi·

91 1345 193 1393 ionem.
212 1343 278 1394 Gud.
296 1345 372 1394 etiam
383 1344 605 1406 Academicusquc
623 1352 648 1393 et
660 1346 763 1407 Meuap.
778 1343 859 1406 pinxit
868 1342 950 1393 Elide.
969 1345 1123 1394 Hermolaus
1135 1345 1209 1403 mele,

91 1425 225 1492 inAeyide.

123 1510 176 1574 [84,
195 1509 239 1573 st]
266 1511 431 1560 Barbarorum
452 1512 545 1574 Datim,
567 1511 752 1576 Artaphernem]
783 1514 853 1576 Lege
874 1512 959 1561 Datim
980 1511 1208 1576 Artaphernemque.

91 1598 153 1646 Nam
171 1593 202 1644 τὸ
220 1611 263 1658 que
279 1596 364 1645 bausit
380 1611 487 1660 sequens
507 1596 577 1654 Quin.
602 1598 769 1648 continenter
786 1598 854 1646 enim
871 1598 935 1647 haec
952 1599 1063 1662 optimus
1080 1597 1144 1647 liber
1156 1598 1210 1647 sine

91 1681 249 1731 distinctione
261 1682 380 1743 capitum.

124 1765 188 1815 Cur.
202 1765 249 1813 IX.
268 1763 321 1826 [36,
336 1763 380 1826 62]
404 1763 434 1814 In
447 1765 575 1829 palliorum
593 1767 686 1815 tesseris
697 1767 809 1816 intentum
822 1766 914 1837 nomen]
937 1769 1000 1818 Mss.
1016 1767 1136 1816 insertum.
1159 1768 1210 1819 Sed

92 1851 144 1913 quis
161 1851 250 1912 eequis
268 1850 370 1899 nuribus
382 1851 407 1896 in
420 1850 506 1899 Plinio
519 1853 626 1915 accipiet
637 1852 661 1900 in
674 1852 826 1899 ostentatione
838 1852 978 1900 ostentarit?
1001 1851 1127 1900 Couiicio:
1149 1850 1210 1914 Opes

90 1949 179 1997 quoque
200 1941 280 1981 tantas
300 1932 438 1995 adquisivit,
458 1941 485 1981 at
504 1934 529 1982 in
550 1935 725 1982 ostentationem
747 1950 827 1981 earum
848 1933 973 1997 Olympiae
993 1933 1072 1982 aureas
1092 1933 1168 1982 literis
1185 1933 1210 1981 in

88 2017 215 2079 palliorum
238 2017 330 2065 tesseris
351 2017 463 2065 insertum
483 2033 564 2066 nomen
585 2034 651 2066 suum
670 2025 782 2081 yestaret.
819 2017 932 2067 Tesserae
955 2017 1070 2079 intelligo
1091 2026 1163 2066 notas
1184 2028 1210 2067 et

91 2103 185 2162 titulos,
203 2103 294 2165 quibus
307 2103 426 2151 dominus
437 2104 562 2152 noscitur:
579 2111 608 2151 ut
619 2118 687 2151 nuuc
700 2117 801 2166 quoque
813 2103 839 2152 iu
851 2103 966 2163 sudariis,
986 2103 1124 2162 mucciniis,
1136 2103 1209 2151 indu·

90 2186 138 2246 siis,
156 2188 254 2250 mappis
270 2193 295 2236 et
311 2187 457 2235 huiusmodi
474 2186 526 2236 lino
543 2188 630 2250 primis
646 2188 726 2236 literis
742 2188 847 2236 nomina
862 2187 1047 2250 possidentium
1063 2201 1110 2235 acu
1122 2194 1148 2234 et
1159 2187 1209 2235 alio

22 2280 26 2294 ‘
90 2271 174 2320 colore
186 2270 331 2334 pinguntur.
353 2273 418 2321 Rem
435 2273 574 2332 confirmat,
592 2274 660 2334 quod
672 2272 781 2334 legimus
793 2271 861 2334 apud
872 2271 912 2321 Fl.
925 2271 1065 2333 Vopiscum
1076 2272 1103 2319 iu
1115 2267 1208 2319 (larino

91 2352 142 2415 [20.
161 2355 235 2404 Tum.
247 2355 282 2405 11.
300 2369 324 2417 p.
342 2351 415 2415 849]:
433 2354 526 2403 Matris
543 2355 645 2403 tunicam
664 2353 729 2403 dedit
743 2354 841 2415 mimae,
861 2353 979 2402 lacernam
993 2353 1072 2416 patris
1089 2353 1210 2403 minoret

90 2447 158 2498 recte,
175 2439 280 2486 slaviae
294 2437 370 2502 pallio
386 2447 473 2487 aurato
489 2448 559 2502 atque
572 2448 707 2504 purpurata
720 2456 766 2502 pro
781 2446 885 2504 syrmate
898 2436 1023 2502 trayoedus
1034 2445 1144 2486 uteretur.
1167 2435 1209 2484 In-

89 2521 201 2583 scriptum
218 2529 253 2567 est
268 2520 345 2569 adhue
359 2521 383 2570 ia
399 2522 526 2573 choraulae
540 2523 617 2587 pallio
634 2523 792 2588 Tyrianthina
803 2521 859 2586 (qno
871 2521 910 2570 ille
921 2521 984 2570 velat
994 2519 1069 2584 spolio
1080 2519 1210 2569 nobilitatis

90 2601 206 2666 exsultat)
222 2603 353 2653 Messallae
368 2622 448 2657 nemen
465 2617 487 2656 et
498 2609 585 2658 naaria
603 2610 653 2659 Ubi
670 2623 753 2671 neque
769 2609 868 2656 hiatum
885 2622 932 2656 nec
948 2607 1036 2655 vitium
1054 2619 1166 2669 agnosco
1184 2606 1209 2652 in

89 2689 149 2748 illis,
166 2696 188 2734 et
200 2696 261 2736 recte
271 2688 294 2737 si
304 2689 384 2741 aviae:
401 2695 516 2756 quamvis
529 2694 676 2754 Salmasius,
694 2695 781 2743 deesse
793 2693 918 2741 nonnulla
930 2693 1078 2754 suspicatus,
1096 2692 1149 2740 sine
1162 2703 1210 2753 ope

89 2773 203 2822 melioris
223 2782 248 2838 et
268 2775 408 2839 integrioris
429 2780 583 2842 exemplaris
601 2794 631 2829 ea
647 2764 776 2828 emendari
793 2792 870 2840 posse
886 2779 1009 2839 desperet.
1037 2775 1126 2838 Neque
1143 2775 1209 2824 enim

89 2859 158 2918 haec,
177 2859 264 2920 inquit,
281 2862 343 2909 satis
356 2862 438 2923 capio,
456 2870 486 2910 ut
497 2870 621 2925 consepta
633 2873 700 2923 sunt,
718 2878 764 2911 nec
781 2862 901 2910 cohaeret
913 2861 1000 2909 oratio.
1018 2873 1078 2907 nam
1090 2873 1155 2920 quae
1167 2858 1210 2907 illa

89 2942 162 2990 avia?
180 2949 224 2992 aut
240 2959 317 3005 quare
333 2959 385 2992 uon
402 2951 463 2990 recte
479 2952 583 2992 uteretur
595 2944 672 3007 pallia
688 2953 774 2992 aurato
792 2952 814 2992 et
826 2952 960 3007 purpurato
977 2944 1131 3005 tragoedus?
1151 2930 1210 3005 Syr-

89 3034 158 3076 mata
173 3035 198 3076 et
214 3027 292 3088 pallia
308 3027 491 3085 tragoedorum
512 3035 600 3075 aurata
617 3036 643 3075 et
659 3036 798 3089 purpurata
818 3026 895 3075 fnisse
916 3027 971 3089 quis
992 3026 1073 3075 nescit
1093 3035 1138 3074 aut
1154 3027 1210 3088 quis

90 3113 181 3173 negat?
195 3117 243 3158 etc.
267 3108 309 3158 Sic
324 3109 376 3157 ille.
400 3109 438 3157 At
454 3111 517 3158 haec
533 3111 638 3171 indigna
654 3118 725 3159 tento
743 3111 796 3159 viro
815 3110 938 3159 dubitatio
950 3123 983 3159 ex
995 3125 1023 3159 re
1035 3111 1150 3171 quamvis
1161 3110 1210 3159 levi

90 3196 196 3256 exstitit3
220 3208 311 3257 nempe
328 3194 387 3255 quia
406 3207 459 3241 uon
480 3194 542 3244 vidit
559 3194 710 3257 particulam
731 3193 754 3241 si
770 3188 828 3241 daal
846 3195 896 3258 τῆς
916 3209 986 3254 qaum
1003 3210 1017 3243 u
1033 3194 1124 3243 Flavio
1140 3196 1210 3257 poni.

89 3287 117 3328 ut
134 3282 202 3344 apud
220 3278 348 3328 Catullum
365 3294 440 3328 carm.
459 3279 532 3328 XIV.
552 3277 621 3342 [17]:
640 3278 715 3339 Nam,
735 3278 758 3327 si
773 3276 870 3339 luserit,
891 3277 927 3326 ad
941 3277 1092 3327 librariorum
1111 3277 1210 3328 ίὶιιταοι

89 3365 185 3414 aemuia.
208 3365 267 3412 Hoc
283 3377 345 3425 ergo
361 3364 503 3426 Vopiscus:
522 3364 612 3414 Matris
630 3364 743 3413 tunicum
754 3363 859 3426 largitus
873 3373 912 3412 est
923 3364 1023 3426 mimae,
1040 3366 1120 3428 patris
1131 3367 1210 3416 lacer·

89 3465 148 3499 nam
166 3451 253 3498 mimo.
280 3450 337 3498 Iure
353 3448 397 3496 ille
415 3455 491 3512 atque
509 3449 610 3498 merito:
632 3465 692 3498 nam
709 3457 735 3498 et
751 3449 823 3498 ariae
839 3449 945 3512 pallium
962 3451 1065 3500 dederat
1081 3453 1209 3513 tragoedo.
1257 3476 1259 3483 ¹

90 3534 132 3584 Sic
144 3534 237 3593 debuit,
249 3540 278 3581 ut
290 3533 378 3583 similis
390 3532 453 3583 foret
466 3535 520 3594 sibi,
533 3549 581 3583 nec
593 3547 680 3583 secum
692 3533 891 3596 disconveniret,
910 3550 969 3583 cum
981 3536 1118 3596 tragoedus
1129 3534 1209 3597 pallio

89 3621 169 3679 aviae,
187 3620 286 3681 nepotis
298 3619 409 3667 eiusdem
422 3620 498 3678 dono,
516 3634 561 3682 pro
574 3627 686 3682 syrmate
698 3619 724 3667 in
736 3633 812 3666 scena
825 3625 946 3668 uteretur.
968 3619 1042 3668 Nihil
1053 3618 1121 3664 aliud
1134 3617 1211 3678 signi-

89 3705 156 3764 ficat,
174 3718 258 3765 qnam,
277 3709 305 3750 ut
322 3703 407 3752 matris
426 3704 538 3752 tunicam
556 3704 656 3762 mimae,
674 3703 753 3764 patris
771 3703 896 3752 lacernam
915 3703 1000 3759 mimo,
1018 3701 1053 3750 sic
1072 3700 1144 3748 aviae
1156 3700 1210 3762 pal·
1224 3707 1273 3751 834

89 3789 153 3837 lium
165 3789 290 3848 tragoedo
304 3788 423 3836 donasse:
441 3790 484 3836 sed
497 3787 576 3836 radat
588 3793 614 3835 et
625 3787 693 3835 acuit
704 3800 849 3836 sermonem
860 3787 943 3849 lepide
955 3777 1209 3847 ἐπειρωνευόμενος.

89 3873 182 3922 Malles
198 3871 273 3921 forte:
292 3872 362 3918 antae
376 3869 446 3933 palla
461 3878 551 3918 aurata
567 3877 639 3932 atque
651 3879 797 3933 purpurata.
820 3886 879 3919 nam
896 3868 965 3932 palla
976 3867 1167 3929 tragoedorum:
1186 3875 1211 3916 et

90 3958 127 4006 ita
149 3955 232 4004 forent
255 3963 365 4018 quatuor
387 3957 484 4016 diversa
507 3955 613 4003 vestium
637 3956 747 4004 uomina.
778 3955 888 4004 Exstant
911 3952 1009 4000 nummi
1031 3951 1128 4000 Iudaici
1153 3965 1211 3997 cum

90 4041 202 4102 imagine
226 4039 390 4102 legislatoris,
422 4040 449 4087 iu
475 4039 565 4100 quibus
590 4039 657 4087 circa
677 4040 777 4088 laevum
802 4039 937 4086 humerum
964 4036 1035 4097 quasi
1060 4035 1087 4083 iu
1112 4033 1212 4081 fimbria

90 4125 210 4189 scriptum
223 4133 261 4174 est
276 4125 359 4172 l'tWD.
379 4121 434 4172 Viri
447 4124 514 4171 docti
527 4130 672 4185 torquatum
684 4124 879 4186 interpretentur
891 4129 916 4169 ct
928 4120 1116 4182 inscriptionem
1129 4119 1212 4182 torqui

988 4201 1005 4260 t
