2760 4734
512 289 616 331 uorsa
633 289 675 329 sn
691 288 773 330 amu.
789 289 858 329 xxr.
1208 268 1264 334 25.

131 448 256 489 stramento
269 439 363 503 operiri.
381 439 453 487 Idem
466 446 491 488 et
502 438 620 499 Pintiani,
635 436 714 486 Aluos.
727 437 833 498 Rursus,
848 434 886 485 Et
896 451 1036 485 araneorum
1049 435 1140 500 quidem
1153 437 1247 486 esitium

129 524 229 585 facilius
245 532 287 584 est,
303 521 449 587 papilionum
467 522 543 570 maior
556 521 637 585 pura.
660 519 761 570 Tollitur
777 536 838 579 vero,
856 535 906 568 cum
923 520 1058 569 maturescit
1075 519 1155 569 malva
1172 529 1248 579 noctu,

131 606 267 667 interlunio,
285 605 346 655 coelo
363 621 455 665 sereno,
473 603 577 652 accensis
595 602 694 652 lucernis
711 610 766 651 ante
782 601 868 650 alveos.
892 602 959 652 Gud.
978 612 1003 653 et
1024 604 1127 668 Menap.
1142 602 1249 668 pupillos

131 691 207 738 maior
225 690 324 738 lucernis
342 688 430 737 tollitur
446 704 506 737 uero.
525 689 607 737 Acad.
622 685 728 750 papilius
744 685 821 734 maior
838 684 937 749 lucernis
950 685 1038 734 tollitur
1049 703 1109 738 uere.
1129 688 1247 750 Andaga-

131 791 199 824 vens.
217 772 310 836 papilio
331 773 385 821 estis
406 771 483 820 maior
500 770 600 820 lucernis
623 769 712 819 tollitur
725 785 786 819 uero.
814 770 1007 820 Vetustissimos
1025 778 1050 820 et
1067 770 1141 820 chifl.
1155 771 1248 836 popilio

127 858 203 922 pestis
214 856 290 905 maior
301 855 401 905 lucernis
413 852 502 904 tollitur
514 871 578 904 aero:
589 855 679 904 deinde
691 869 788 914 omnes,
800 868 880 902 sereno
892 853 997 902 accensis
1008 861 1063 902 ante
1075 853 1149 904 aluos.
1166 855 1247 906 Nimi-

131 958 188 991 rum
200 947 410 1004 transposuerunt
425 936 456 987 τὸ
470 937 578 999 lucernis,
595 940 663 1002 quod
680 938 707 986 id
724 940 886 987 commodum
903 938 989 987 locum
1002 953 1121 988 essenon
1134 936 1251 1003 sinatroi

131 1041 196 1085 uero,
219 1035 356 1088 postquam
372 1025 398 1073 id
414 1023 567 1073 admiserant
584 1023 681 1086 potius,
705 1019 794 1070 tollitur
809 1037 877 1082 uero,
900 1037 976 1084 quam
992 1019 1080 1070 tollitur
1096 1037 1162 1083 vere,
1179 1025 1249 1085 quod

132 1109 254 1156 tamenin
266 1108 423 1156 Academico
436 1114 481 1156 est.
501 1105 667 1156 scribendum
680 1111 764 1154 autem
777 1111 843 1154 erat:
853 1103 953 1168 papilio,
966 1104 1043 1153 maior
1052 1104 1134 1168 pestis,
1147 1103 1249 1154 lucernis

132 1189 227 1250 tollitur,
244 1205 304 1251 uere,
320 1206 370 1238 cum
387 1189 522 1238 maturescit
538 1188 626 1248 malou,
643 1196 719 1249 noctu,
736 1185 870 1248 interlunio,
886 1186 948 1236 coelo
964 1203 1058 1250 sereno,
1074 1188 1178 1237 accensis
1194 1196 1249 1237 anto

131 1273 205 1322 alvos.
227 1274 309 1334 Dicit,
327 1289 380 1321 aere
396 1289 446 1321 cum
465 1272 603 1322 maturescit
619 1270 707 1321 malou.
728 1272 820 1321 Hieme
838 1273 904 1322 enim
923 1272 1024 1322 seritur:
1044 1288 1097 1323 non
1113 1273 1167 1333 illa,
1185 1288 1249 1336 quae

131 1373 218 1406 menso
235 1358 346 1418 Octobri,
363 1363 426 1406 teste
442 1356 560 1406 Palladio
576 1357 614 1405 tit.
635 1362 662 1405 11
685 1352 724 1416 [3]
743 1362 769 1404 et
785 1354 870 1404 Plinio
888 1356 931 1404 lib.
951 1360 989 1414 19,
1007 1362 1021 1406 8
1041 1353 1094 1417 [54,
1115 1353 1185 1417 170]‚
1204 1357 1250 1406 sed

131 1455 197 1502 quae
209 1439 357 1499 Februario,
374 1448 403 1489 ut
416 1440 547 1490 Palladius
565 1441 602 1490 tit.
620 1446 652 1490 24
666 1437 715 1501 [9].
733 1439 866 1490 consentit
877 1438 1021 1489 Columella
1037 1439 1079 1488 lib.
1093 1445 1117 1501 9,
1132 1444 1162 1488 14
1176 1437 1211 1501 [1.
1225 1455 1249 1503 p.

132 1528 189 1571 461.
203 1521 306 1584 Schn.]:
319 1522 358 1571 Ab
370 1523 516 1586 aequinoctio
525 1523 612 1588 primo,
625 1521 690 1586 quod
700 1538 775 1571 mense
789 1522 881 1572 Martio
893 1523 958 1572 circa
969 1530 1074 1571 octauum
1090 1521 1140 1573 cat.
1153 1520 1251 1586 Apriles

132 1605 157 1652 in
178 1613 262 1653 octavu
278 1615 351 1669 purte
370 1607 454 1655 arietis
474 1607 595 1670 conjicitur
615 1605 651 1657 ud
669 1614 773 1656 mortum
798 1605 971 1671 Verpiiiarum,
993 1605 1043 1655 dies
1058 1607 1127 1657 omni
1141 1607 1251 1670 temporis

133 1688 246 1737 labentur
258 1687 515 1754 duodequinquopinto.
533 1692 584 1740 Per
595 1692 642 1740 hos
654 1691 766 1754 primum
779 1691 814 1739 ait
825 1706 885 1754 apes
898 1693 1021 1741 curandas
1034 1705 1097 1752 esse,
1110 1699 1159 1741 etc.
1177 1692 1249 1751 Mox,

133 1772 185 1819 item
196 1771 329 1836 papiliones
342 1772 456 1822 enecandi
469 1781 531 1822 sunt.
549 1776 583 1823 Et
595 1774 671 1823 infra:
690 1789 735 1837 quo
748 1782 848 1837 tempore
860 1772 1058 1836 malvaeflorent.
1075 1775 1192 1836 Denique
1203 1774 1250 1823 ibi-

135 1857 203 1904 dem:
221 1856 356 1918 Aloeorum,
373 1873 424 1905 cum
440 1855 487 1905 mel
502 1857 617 1918 eximitur,
633 1855 704 1905 inlini
718 1865 808 1921 oportet
824 1856 900 1905 cuitus
915 1855 1087 1921 melissophyllo
1103 1865 1146 1904 aut
1158 1855 1251 1921 qenista

137 1937 207 1999 tritis,
227 1947 268 1987 aut
284 1938 372 1988 medios
388 1939 445 1989 alba
461 1942 507 1990 uite
520 1940 682 2005 praecinuere,
700 1949 727 1988 ut
738 1957 795 2004 apes
806 1939 944 2005 diffupiunt.
963 1941 1022 2006 Opt.
1035 1941 1161 1989 Arborum.
1174 1939 1251 2001 signi·
1265 1950 1312 1995 779

136 2021 195 2071 ficut
211 2021 339 2083 Aloorum,
356 2040 415 2073 nam
432 2026 500 2073 idem
516 2040 591 2074 mox:
613 2032 657 2072 aut
670 2023 760 2073 medias
775 2022 832 2072 alba
850 2024 895 2073 uite
907 2024 1041 2088 praecinqi.
1058 2025 1156 2088 Nempe
1172 2023 1250 2072 alvos.

133 2107 217 2156 Etiam
230 2107 273 2156 alii
286 2117 395 2170 quatuor
405 2107 504 2169 medias,
517 2109 650 2170 Andegsv.
663 2109 739 2158 etiam
752 2109 828 2171 plane
840 2106 954 2158 alvorum.
972 2110 995 2158 tt
1008 2109 1160 2159 Chifletiano
1172 2105 1251 2155 medea

130 2193 231 2238 notant.
251 2189 293 2239 sic
304 2199 329 2240 et
342 2206 396 2255 cap.
410 2199 442 2241 20
455 2190 507 2254 [86,
522 2190 582 2253 149]
600 2192 675 2240 huius
688 2197 728 2241 21.
740 2191 808 2240 libri:
826 2190 1006 2256 Melissopbylio
1017 2192 1066 2240 siue
1077 2190 1212 2240 melittaena
1228 2190 1252 2238 si

129 2280 295 2339 perunpantur
312 2272 431 2337 alvearia,
449 2291 495 2324 non
505 2275 603 2340 sapient
618 2291 681 2338 apes.
705 2274 764 2338 Opt.
781 2273 805 2322 si
816 2284 979 2339 perunyantur
995 2274 1051 2326 aloi.
1071 2274 1139 2338 [Lib.
1154 2282 1193 2335 ll,
1209 2280 1250 2323 1⁰:

132 2356 265 2406 Novissimi
278 2357 378 2406 maxime
389 2357 514 2422 implentur
529 2358 603 2419 melle,
620 2357 672 2408 ideo
687 2374 773 2407 auersa
790 2357 844 2407 alvo
854 2359 916 2422 faui
931 2357 1070 2408 eximuntur.
1089 2359 1131 2410 sic
1144 2359 1213 2407 Men.
1226 2364 1251 2406 et

133 2441 200 2491 Gud.
222 2442 397 2504 Academicus,
414 2441 466 2491 ideo
481 2442 584 2492 advasa
596 2441 650 2492 aino
658 2444 724 2506 saoo
740 2459 775 2492 ea.
794 2442 848 2492 Neo
865 2444 963 2504 dubito,
979 2443 1040 2506 quin
1053 2449 1077 2492 et
1088 2443 1124 2492 sic
1136 2441 1213 2492 fuerit
1224 2444 1251 2491 In

132 2524 216 2584 Chifl,
229 2525 276 2573 etsi
287 2531 386 2574 tuntum
398 2541 431 2576 ex
444 2543 475 2576 co
491 2528 642 2588 notaverint,
660 2542 747 2574 arasa
764 2524 825 2576 aloc.
843 2527 945 2590 Vulgo:
963 2523 1060 2590 ideoque
1076 2542 1159 2574 auaso
1175 2523 1249 2575 alveo.

130 2609 229 2659 Eodem
242 2609 285 2656 Ilb.
298 2623 353 2672 cap.
366 2615 395 2659 15
407 2607 459 2672 [15,
473 2609 530 2672 40]:
542 2610 644 2659 Aestiua
656 2609 788 2658 mellatione
800 2609 913 2658 decimum
922 2618 1016 2674 partem
1032 2609 1123 2659 Thasio
1133 2608 1250 2674 Dionysio

131 2692 217 2755 opibus
233 2691 336 2754 relinqui
346 2691 439 2756 placet,
455 2695 478 2742 si
489 2694 577 2758 plenae
585 2694 682 2758 fuerint
699 2693 755 2743 alui.
779 2695 821 2745 Sic
838 2694 1015 2744 chifleuanos.
1037 2693 1173 2754 Nostnssi
1186 2692 1253 2757 pleni

122 2776 219 2835 ,fuerint
236 2775 292 2825 alvi.
310 2777 352 2826 Ex
364 2775 486 2827 Inserend.
499 2795 524 2842 p.
537 2776 608 2840 845]
620 2779 676 2829 Lib.
692 2784 732 2839 22,
748 2784 780 2828 tt
796 2777 849 2840 [50‚
865 2775 938 2840 107];
950 2777 1036 2827 Prima
1049 2776 1156 2842 propolis
1172 2777 1249 2827 alveo-

130 2875 181 2906 rum
191 2857 290 2921 aculeos,
300 2868 345 2910 ete.
359 2860 429 2909 Idem
440 2860 552 2911 alvorum.
566 2864 621 2912 Lib.
628 2869 668 2923 30,
675 2870 707 2912 24
718 2860 828 2926 [potiusz
838 2868 878 2922 30,
892 2868 931 2922 16,
941 2866 981 2922 53,
991 2860 1064 2922 148]:
1075 2860 1183 2924 Sparsus
1193 2876 1251 2923 apes

130 2943 156 2989 in
173 2941 282 2990 alvearia
298 2943 389 2992 reuerti.
407 2946 503 2995 Rursus
520 2947 598 2996 idem:
617 2948 641 2996 in
658 2943 720 2994 alvo.
738 2947 816 3007 Lege,
834 2943 860 2992 in
871 2943 944 3004 oloos,
962 2953 991 2992 ut
1002 2952 1027 2992 et
1038 2944 1177 2992 Pintianus.
1194 2943 1249 2992 Lib.

131 3032 171 3085 28,
186 3030 198 3074 7
214 3024 336 3088 [23,19];
352 3044 410 3091 apes
427 3028 497 3076 tactis
513 3028 627 3078 alveariis
638 3030 734 3091 supere.
753 3028 779 3077 Is
790 3029 856 3090 ipse:
874 3025 983 3086 alvariis,
1002 3030 1071 3088 quod
1081 3027 1251 3089 praetermisit

130 3111 270 3159 Salmasius
282 3113 313 3160 ad
325 3112 405 3162 Solin.
418 3118 443 3176 pl
456 3117 505 3173 26,
523 3113 565 3161 ubi
582 3113 667 3162 locum
686 3113 763 3161 istum
774 3118 873 3160 tractat.
901 3110 1047 3160 Columella
1063 3123 1164 3172 quoque
1181 3110 1249 3160 dicto

129 3195 199 3240 loco:
212 3191 263 3240 alui
273 3193 414 3256 operiendae
424 3203 479 3243 sunt
490 3193 684 3259 ctfumipandae.
702 3195 780 3258 Apud
790 3194 934 3242 Phaedrum
946 3208 1047 3256 quoque
1059 3192 1109 3242 fab.
1123 3199 1162 3242 52.
1177 3192 1200 3255 [i
1213 3202 1251 3244 est

129 3276 180 3325 fab.
194 3282 217 3336 3,
233 3282 271 3338 13,
289 3276 316 3339 9]
334 3277 410 3327 Alvos
422 3279 520 3343 occipite
537 3288 559 3327 et
574 3279 634 3329 cers‘s
646 3296 704 3344 opus
715 3277 832 3340 infundite
843 3279 869 3327 in
882 3279 979 3342 scriptis
992 3278 1065 3328 codd.
1079 3293 1133 3329 esse
1145 3286 1251 3329 testatur

129 3360 268 3410 Salmasius
280 3364 312 3411 ad
324 3364 382 3412 hist.
395 3364 463 3426 Aug.
477 3380 501 3428 p.
515 3368 573 3415 477.

166 3442 218 3505 [42,
239 3443 281 3506 72]
301 3444 363 3494 Aloo
380 3447 473 3496 concita
489 3447 633 3511 moriuntur]
651 3450 674 3500 E
688 3448 763 3498 chifl.
776 3454 866 3498 notant
877 3445 931 3495 aluo
943 3447 1014 3496 circa.
1033 3449 1071 3499 At
1083 3456 1110 3497 tu
1122 3449 1180 3511 lege
1192 3464 1249 3497 cum

128 3529 260 3587 fidis-lma,
276 3527 330 3577 alvo
348 3530 403 3579 cito.
421 3531 463 3581 Sit
475 3533 518 3581 Iib.
533 3539 573 3593 23,
594 3528 674 3594 1[21,
700 3529 745 3593 36]
763 3529 826 3579 Alvo
842 3530 903 3578 citae
920 3529 1036 3594 siqninum
1048 3531 1151 3579 manime
1163 3530 1249 3579 condu-

128 3628 179 3661 cere
197 3609 353 3660 indubitotum
370 3621 411 3663 est.
428 3615 464 3665 Et
479 3629 533 3679 cap.
552 3617 565 3664 7
589 3610 649 3677 [73,
668 3612 727 3676 141]
746 3616 776 3664 de
793 3615 885 3664 sorbIs:
903 3630 957 3662 nam
974 3614 1077 3662 recentia
1092 3602 1214 3662 stomucbo
1228 3622 1250 3662 et

127 3695 182 3744 alvo
194 3696 255 3745 citae
269 3705 377 3760 prosunt.
395 3698 454 3747 Hoc
470 3713 572 3763 quoque
589 3698 717 3762 praecepit
728 3699 869 3748 Plutianus.
882 3698 963 3748 Aead.
977 3697 1043 3747 Gud.
1056 3699 1158 3761 Menap.
1171 3697 1248 3746 conm-

128 3788 188 3828 tata.
207 3781 342 3844 Andagau.
355 3781 434 3831 citato.

161 3865 227 3914 Onu.
248 3865 323 3914 XIII.
346 3863 399 3928 [45,
423 3863 466 3928 77]
488 3865 518 3914 In
540 3864 616 3914 eodem
637 3865 715 3915 Ponto
733 3874 802 3929 pente
818 3862 964 3925 Sannorum]
985 3863 1027 3914 Sic
1043 3864 1173 3926 Gelenius,
1191 3880 1248 3915 eum

125 3950 266 4011 legeretur,
285 3948 310 3996 in
327 3948 405 3997 eodem
423 3950 498 3999 Ponti
510 3950 556 3998 situ
572 3950 634 4013 viqet
650 3965 679 3998 ea
695 3965 790 3998 annona
805 3948 887 3999 mellis.
910 3949 974 3998 Tres
991 3949 1101 3998 codices:
1123 3948 1148 3996 in
1169 3947 1248 3997 eodem

126 4032 206 4081 Ponto
223 4032 293 4080 situm
310 4041 390 4096 pentes
407 4049 540 4096 annonam,
564 4041 592 4083 ut
615 4041 640 4083 et
656 4033 790 4098 Andagau.
807 4035 856 4084 nIsi
872 4035 940 4096 quod
958 4048 1079 4080 annosum.
1102 4033 1204 4094 Potior,
1221 4033 1247 4082 in

126 4114 206 4165 eodem
223 4116 298 4165 Ponti
310 4116 358 4164 situ
373 4125 453 4180 pentes
471 4134 592 4166 annonem.
611 4118 720 4168 Pintiani
733 4120 822 4178 codex,
839 4117 863 4166 in
875 4115 951 4165 eodem
965 4115 1038 4164 Ponti
1048 4115 1094 4164 situ
1104 4123 1172 4180 pente
1184 4115 1247 4166 Sun-

126 4215 216 4247 norum.
234 4198 313 4263 Lege,
330 4201 355 4250 in
371 4201 448 4250 eodem
465 4201 541 4251 Ponti
556 4201 611 4265 situ,
626 4210 693 4266 pente
710 4202 852 4253 Suanorum.
870 4203 976 4252 Poteras
988 4202 1116 4264 suspicari,
1133 4201 1157 4249 in
1170 4198 1246 4250 eodem
